3400 4725
194 500 364 561 Votum
409 499 518 556 ina·

295 587 357 628 at
373 572 388 628 2

219 1995 474 2068 reponte·

207 2068 316 2156 »ωε
341 2070 478 2158 '¹15‘-

253 2149 392 2205 ntor!
397 2162 434 2205 Ιο

566 301 615 375 c
1641 280 1973 379 )0-(

769 499 915 576 Diu
966 497 1104 592 jam
1159 495 1227 569 in
1271 492 1454 569 votis
1504 490 1759 572 habui,
1840 510 1921 564 ut
1970 486 2200 582 quivis
2260 487 2559 584 Juvenis
2609 504 2799 562 extra
2855 487 3028 561 Hel-

569 602 821 679 vetiam
875 600 1426 698 peregrinaturus
1464 594 1608 690 lege
1649 611 2047 673 teneretur,
2108 608 2266 662 ante
2309 590 2573 663 abitum
2627 591 2710 663 de
2758 588 3020 665 itineris

565 704 764 783 causa
821 708 884 779 ὁὶ
941 702 1203 777 ratione
1258 696 1543 793 collegio
1604 720 1642 767 a
1695 694 2102 789 Magistratu
2159 692 2681 766 denominando
2751 691 3024 765 denun-

565 812 792 891 ciare,
851 810 915 881 &
967 802 1112 899 post
1164 800 1466 875 reditum
1522 794 1760 871 sedulo
1807 794 2099 879 referre,
2157 820 2300 890 quo
2336 792 2632 868 succcss'u
2680 798 2747 869 &
2788 791 3023 867 fruelu

581 911 653 983 in
705 908 832 979 alia
891 906 1038 977 loca
1091 901 1523 997 migraverit:
1601 898 1667 969 in
1717 898 1969 969 bonam
2020 916 2283 989 partem
2337 895 2827 988 Superioribus
2880 890 3019 967 suis·

567 1004 910 1085 notescere
969 1004 1194 1101 quivis
1242 1002 1367 1075 Vir
1420 997 1692 1095 juvenis
1755 998 2061 1072 maximo
2109 992 2231 1070 fibi
2296 996 2552 1070 honori
2603 995 2857 1078 ducet,
2939 1012 3017 1070 ut

565 1118 629 1189 δι
677 1108 1032 1203 religioni,
1104 1105 1343 1179 Patriae
1397 1102 1722 1184 reddere,
1782 1104 1845 1175 ἃ
1892 1100 1960 1173 in
2010 1099 2159 1193 ejus
2216 1099 2589 1173 commoda
2649 1094 3013 1179 conferre,

561 1234 716 1306 quae
767 1209 852 1281 ab
900 1204 1038 1301 ipsa
1083 1206 1356 1301 publica
1415 1227 1693 1276 morum
1750 1205 1815 1275 δι
1874 1198 2311 1274 scientiarum
2367 1199 2802 1273 institutione
2843 1222 2882 1270 a
2920 1218 3021 1271 te-

559 1311 752 1383 nellis
815 1309 1012 1381 annis
1076 1309 1351 1401 accepit.
1459 1302 1891 1397 Hujusmodi
1954 1302 2066 1375 lex
2126 1300 2259 1374 hos
2328 1301 2414 1373 de
2476 1300 2701 1374 inutili
2775 1300 3021 1373 itinere

559 1410 938 1493 detineret,
1009 1408 1166 1482 illos
1213 1407 1583 1489 excitaret,
1655 1424 1735 1479 ut
1798 1400 1866 1478 se
1905 1403 1992 1477 ad
2038 1404 2620 1503 peregrinationes
2668 1397 2824 1475 suas
2884 1398 3014 1472 rite

561 1530 921 1606 pararent,
1022 1510 1206 1604 apud
1251 1528 1525 1583 exteros
1569 1507 1837 1581 cautius
1887 1506 2251 1586 viverent,
2326 1505 2410 1576 ad
2461 1504 2697 1576 omnia
2737 1525 3017 1576 accura-

564 1613 699 1687 tius
745 1609 1220 1693 attenderent,
1297 1610 1362 1683 &
1407 1608 1499 1685 ita
1547 1604 1833 1706 sapienti
1893 1630 2127 1683 rerum
2187 1601 2319 1681 usu
2360 1604 2709 1681 doctiores
2760 1603 2846 1678 ad
2896 1626 3057 1699 pa·-

559 1715 729 1790 trios
765 1715 973 1789 Lares
1029 1728 1567 1788 reverterentur.
2619 1736 2631 1747 ·

1653 1876 1715 1953 §.
1772 1868 1895 1943 IV.

767 1996 1115 2085 Primum,
1193 2020 1334 2095 quo
1385 1997 1865 2095 Peregrinator
1933 2014 2358 2093 occupatur,
2472 1998 2569 2073 est
2636 1999 3011 2077 delineatio

568 2104 936 2197 generalis,
988 2106 1094 2181 vel
1136 2098 1494 2199 descriptio
1544 2098 1905 2178 Territorii
1945 2098 2236 2196 alicujus
2274 2102 2819 2199 topographiea,
2892 2131 3015 2180 ur.

565 2203 798 2290 bium,
851 2206 1207 2290 vicorum,
1262 2228 1644 2301 pagorum,
1699 2200 1867 2279 fitus
1906 2201 2161 2278 horum
2216 2204 2588 2289 omnium,
2646 2210 2755 2293 ἃ,
2814 2207 3011 2306 quod

561 2306 834 2406 quidem
870 2334 907 2384 a
958 2309 1240 2386 Viatore
1293 2302 1689 2390 transeunte
1727 2330 1883 2383 raro
1934 2305 2377 2382 determinari
2421 2308 2717 2406 poterit,
2780 2311 3012 2410 longi-

562 2409 822 2487 tudinis
863 2417 927 2488 &
953 2412 1370 2494 latitudinis5
1428 2411 1881 2488 terminorum
1916 2411 2029 2484 vel
2060 2411 2476 2488 naturalium
2526 2439 2564 2487 a
2605 2403 2957 2490 littoribus
2983 2469 3007 2502 ‚

447 2513 450 2515 “
557 2511 889 2596 lacubus,
965 2513 1408 2593 fluminibus,
1485 2513 1829 2588 montium
1894 2511 2110 2605 iugis,
2196 2513 2309 2584 vel
2372 2511 2828 2589 artificialium
2886 2543 3007 2608 per

133 2851 138 2858 .
187 2788 498 2858 fluviorum

181 2865 228 2920 ἃ
245 2866 489 2928 Lat-uum·

191 2934 480 3015 descriptio,

559 2615 754 2708 pacta
790 2633 1130 2687 conventa
1173 2611 1349 2704 inter
1389 2608 1658 2688 vicinos
1701 2611 2285 2688 constitutorumz
2366 2611 2707 2686 indicatur
2757 2615 3013 2707 distem-3,

560 2713 660 2787 tia·
703 2714 912 2788 unius
946 2714 1075 2790 loci
1112 2714 1196 2788 ab
1244 2714 1504 2796 altero,
1560 2737 1777 2808 eaque
1821 2712 1907 2786 ad
1954 2729 2211 2785 certam
2263 2712 2562 2808 aliquam
2602 2712 3007 2794 mensuram

561 2809 1060 2911 homogeneam
1112 2815 1479 2894 reducitur.
1583 2809 2054 2910 Defignantur
2110 2812 2291 2896 rivi,
2367 2832 2752 2898 torrentes,
2809 2815 3007 2893 fluvii

557 2939 678 3011 per
711 2916 1056 3010 regionem
1087 2915 1410 3003 fluentes,
1448 2921 1714 2995 'eorum
1751 2915 1981 3011 anguli
2004 2965 2023 2997 ,
2082 2933 2523 2989 curvaturae:
2580 2913 2765 2989 lacus
2791 2916 2861 2989 in
2894 2943 3003 2994 ea-

554 3015 711 3089 dem
752 3011 900 3101 fiti,
977 3042 1218 3092 eorum
1267 3019 1684 3115 longitudo,
1760 3016 2055 3092 latitudo
2085 3065 2108 3098 ,
2185 3013 2668 3109 profunditas,
2751 3036 2997 3106 ortuS,
3106 3027 3109 3030 ’

551 3114 815 3193 exituse
885 3117 1249 3214 limpiditas
1294 3144 1680 3216 aquarum,
1738 3122 1805 3196 &
1861 3116 2243 3193 fluviorum
2292 3120 2359 3190 &
2416 3116 2719 3201 lacuum,
2764 3118 2998 3196 diver..

548 3212 639 3294 fis
676 3220 1140 3316 temporibus-5
1223 3244 1540 3317 quaenam
1588 3219 1662 3298 in
1708 3217 1821 3296 his
1866 3220 2120 3293 dentur
2195 3217 2491 3311 plantae,
2564 3220 2633 3292 &
2702 3221 3021 3314 quinam.

518 3316 836 3394 alantur·
879 3316 1132 3414 piscest
1213 3321 1399 3396 calor
1463 3341 1801 3416 aquarum
1859 3338 2172 3412 tempore
2234 3317 2471 3392 aestivo
2502 3368 2524 3400 ,
2567 3344 2577 3354 ·
2620 3316 2993 3415 hyberno,

545 3412 618 3491 in
649 3418 840 3493 varia
877 3421 1077 3494 etiam
1140 3417 1650 3517 profunditates
1706 3417 1817 3516 (f)
1874 3417 2193 3492 maximae
2248 3414 2627 3494 observatae
2686 3421 2991 3501 altitudi.

2853 3554 2977 3605 nes

679 3643 739 3700 Ρ.
773 3638 895 3698 408.
974 3669 1020 3698 „
1055 3630 1286 3702 Juvenis
1319 3649 1464 3702 non,
1505 3631 1607 3690 nin
1640 3629 1885 3704 diligenti
1915 3628 2072 3687 oculo
2116 3627 2345 3688 lustratis
2390 3630 2579 3690 natalis
2616 3627 2711 3688 seli
2757 3633 2989 3704 regioni·

680 3736 723 3768 „
763 3703 898 3770 bus,
936 3701 1166 3764 Patriam
1199 3707 1499 3780 relinquat,
1538 3723 1606 3764 ne
1646 3722 1876 3778 aquam,
1916 3703 2059 3776 quod
2101 3705 2287 3775 ajunt,
2324 3715 2467 3764 trans
2512 3706 2711 3763 flumen
2783 3717 2972 3773 uaerat,

681 3775 818 3839 ..er
850 3778 986 3860 apud
1032 3789 1244 3837 exteros
1284 3796 1346 3838 ea
1387 3775 1685 3837 atltliseendi
1722 3777 1890 3848 gratia
1926 3779 2128 3836 tumtur
2156 3787 2377 3852 eroget,
2415 3796 2537 3853 qun·
2560 3779 2703 3838 domi
2766 3797 2845 3840 ute
2886 3779 2976 3840 vel

679 3877 730 3907 η
762 3854 924 3912 gnus
959 3849 1234 3909 nutriendi
1268 3849 1467 3908 oeeasro
1500 3867 1608 3907 non
1647 3849 1904 3909 demerit.
1937 3885 1997 3919 „.

540 3907 640 3985 (o
661 3911 1256 4063 {mc-1:333?
1273 3920 1678 4067 {zamam
1704 3922 1966 3996 specimen
2011 3899 2263 3986 aaran&
2284 3924 2471 3992 αιειη
2510 3922 2973 3990 αο.εΔυεεῑιΒκ
3016 3883 3023 3898 ’
