3400 4725
41 940 43 943 ⁴
156 922 200 942 ..
229 890 510 951 Helvetio-

188 980 304 1022 rum
330 964 466 1021 mul·

154 1042 265 1095 tm
285 1036 496 1098 mutan.

563 281 648 339 υ,
1451 252 1995 399 Ἁυχδέξ

555 450 742 525 mine
771 502 793 536 ,
864 447 987 545 qui
1035 445 1154 520 tibi
1197 441 1267 518 in
1315 441 1556 517 itinere
1609 440 1959 520 occurrit,
2042 434 2179 512 sive
2224 437 2399 511 bene
2444 436 2581 512 sive
2627 439 2805 512 male
2842 466 2991 515 mo.

557 573 754 635 rato,
810 550 894 625 de
929 545 1250 621 omnibus
1289 544 1434 634 ejus
1476 541 1775 616 nationis
1822 538 2229 614 hominibus
2268 540 2529 633 judices
2557 594 2575 618 ,
2636 540 2812 614 bene
2844 567 2986 615 me.

555 678 716 727 mor
743 706 760 727 ,
814 652 1234 727 cbaradleres
1277 647 1499 737 gentis
1529 669 1676 720 non
1710 670 1795 720 ex
1838 669 1981 719 uno
2022 668 2143 718 aut
2173 645 2389 717 altero
2418 694 2439 727 ‚
2498 640 2611 717 sed
2650 670 2735 717 tx
2764 648 2991 740 potio·

552 756 612 830 ti
657 754 800 848 ejus
840 769 1026 849 parte
1070 742 1352 821 desumi.
2622 831 2626 837 .

711 858 990 931 Utinam
1022 870 1249 925 autem
1278 847 1825 945 peregrinator-es
1857 844 2218 921 amabilem
2262 845 2446 920 illam
2487 841 2983 939 simplicitatem

554 954 814 1052 ubique
875 954 945 1027 in
1010 950 1326 1027 Helvetia
1394 951 1642 1026 nostris
1708 950 1951 1025 diebus
2002 946 2232 1025 adhuc
2294 947 2746 1030 invenirent,
2830 975 2986 1042 quac

547 1079 821 1155 gentem
875 1052 1174 1128 nostram
1232 1054 1396 1127 olim
1436 1054 2085 1128 commendaverat:
2149 1047 2382 1145 priscis
2429 1072 2627 1125 terrac
2674 1051 2989 1126 Helveti-

547 1184 643 1235 cae
677 1156 920 1231 incolis
959 1157 1190 1251 paucis
1233 1156 1576 1231 contentis
1635 1154 1977 1253 producta
2012 1149 2115 1228 sui
2157 1151 2280 1226 soli
2322 1150 2462 1227 fere
2512 1149 2986 1236 sufficiebant,

543 1257 829 1356 fimplici
878 1254 1006 1332 suo
1049 1260 1211 1331 vitae
1255 1283 1504 1353 genere
1547 1254 1686 1333 sani
1738 1278 1973 1340 erant,
2056 1251 2319 1339 τοι-οῦ,
2401 1255 2659 1330 robusti
2699 1284 2721 1340 3
2798 1280 2989 1331 nunc

549 1384 725 1436 vero
774 1356 1278 1453 neceffitatibus
1333 1384 1562 1434 rerum
1615 1356 1759 1435 fine
1813 1355 2196 1434 necestitate
2256 1358 2721 1455 multiplicatis
2761 1409 2783 1443 ,
2866 1378 2989 1432 aut

541 1486 654 1539 res
703 1485 830 1559 pro
869 1457 1242 1536 necessariis
1279 1459 1602 1535 habendo
1628 1514 1649 1547 ‚
1707 1486 1861 1559 quae
1896 1461 2062 1536 tales
2102 1485 2244 1535 non
2290 1457 2490 1545 sunt,
2550 1486 2781 1535 rerum
2812 1460 2990 1535 mul·

542 1584 774 1639 tarum
832 1566 896 1639 &
946 1564 1371 1636 exotiearum
1417 1587 1603 1637 nunc
1659 1560 1726 1638 se
1782 1584 2054 1659 egentes
2102 1581 2394 1656 putant,
2471 1558 2585 1635 sed
2638 1563 2799 1636 inde
2841 1584 2987 1635 non

541 1662 877 1741 feliciores
913 1662 1113 1746 sunt.
1175 1683 1258 1739 ut
1301 1666 1532 1761 potius
1575 1665 1982 1745 debiliores,
2042 1662 2340 1749 infirmi,
2400 1661 2588 1739 haud
2618 1688 2776 1737 raro
2808 1686 2988 1737 mar-

541 1762 880 1843 cescentes
920 1765 1310 1842 videantur.
1420 1767 1549 1841 Vel
1602 1788 1846 1863 potum
1888 1761 2168 1849 coffeae‚
2226 1791 2369 1863 quo
2413 1767 2483 1839 in
2522 1764 2817 1840 urbibus
2846 1764 2983 1856 jam

543 1893 584 1942 a
624 1864 853 1942 seculo
901 1866 1038 1941 fere
1083 1867 1486 1943 obruuntur
1520 1919 1540 1952 ,
1630 1893 1821 1942 nunc
1866 1869 2067 1942 etiam
2124 1869 2195 1940 in
2245 1892 2412 1963 agro
2452 1869 2518 1942 &
2556 1868 2730 1940 adeo
2780 1868 2846 1939 in
2889 1867 2986 1941 al-

541 1966 752 2065 pibus
788 1967 989 2041 avide
1026 1966 1434 2065 ingurgitari
1460 2020 1481 2052 .
1538 1968 1836 2063 indeque
1859 2020 1879 2053 ,
1935 1987 2016 2042 ut
2053 1972 2117 2045 δι
2146 1992 2181 2041 a
2220 1990 2391 2063 potu
2422 1964 2985 2062 perniciofiffimo

538 2066 816 2164 spiritus
854 2068 1045 2150 vini,
1117 2094 1374 2143 novam
1405 2072 1631 2166 quoad
1665 2066 2061 2153 sanitatem,
2140 2095 2370 2145 mores
2408 2074 2471 2145 δι
2512 2095 2657 2144 rem
2697 2097 2985 2146 oecono·

541 2170 790 2243 micam
822 2165 1057 2241 faciem
1095 2170 1328 2243 induci
1360 2199 1380 2253 3
1438 2171 1868 2267 modumque
1899 2192 2223 2265 practerea
2247 2172 2532 2244 vivendi
2570 2174 2771 2245 etiam
2806 2173 2985 2247 mul-

543 2288 695 2345 tum
739 2270 990 2343 mutari
1032 2294 1069 2343 a
1123 2266 1333 2345 servis
1377 2274 1442 2347 &
1488 2272 1747 2346 ancillis
1790 2272 2030 2347 multis
2079 2273 2148 2345 in
2202 2272 2491 2349 urbibus
2538 2273 2658 2348 diu
2699 2276 2980 2349 nutritis

547 2374 611 2446 ἃ
662 2369 1029 2446 luxuriosae
1077 2368 1247 2466 saepe
1287 2377 1446 2446 vitae
1483 2371 1863 2448 assuefactis
1892 2425 1912 2456 ‚
1978 2375 2368 2470 iterumque
2404 2375 2555 2471 post
2591 2379 2981 2452 multorum

543 2495 886 2546 annorum
950 2469 1314 2547 decursum
1369 2473 1438 2550 in
1485 2471 1646 2549 suos
1691 2498 1904 2570 pagos
1955 2477 2019 2550 ἃ
2075 2477 2268 2552 vicos
2324 2477 2744 2555 abeuntibus
2779 2532 2803 2564 ,
2858 2481 2982 2555 tri-

539 2569 658 2646 stis
718 2572 1135 2667 experientia
1188 2574 1436 2648 docett
1516 2599 1642 2649 nec
1699 2575 1767 2647 id
1816 2577 2046 2650 minus
2108 2603 2227 2672 per
2273 2580 2518 2651 milites·
2567 2580 2637 2651 in
2686 2584 2977 2675 patriam

541 2672 830 2749 reduces
865 2669 1013 2748 fieri
1041 2724 1060 2757 ‚
1118 2676 1179 2748 ἃ
1227 2700 1346 2770 per
1384 2676 1674 2766 juvenes
1721 2678 1870 2774 post
1915 2678 2191 2753 inutiles
2239 2677 2408 2776 saepe
2450 2677 2612 2755 suos
2663 2682 2746 2756 ad
2789 2706 2977 2760 exte-

539 2797 659 2848 ros
693 2769 935 2847 cursus
980 2777 1046 2848 &
1094 2777 1578 2872 migrationes,
1637 2800 2067 2873 compertum
2112 2779 2486 2864 habemus,
2542 2779 2583 2855 h
2606 2786 2639 2872 )
2695 2801 2773 2858 ut
2801 2787 2976 2861 adeo

538 2874 840 2947 maxime
881 2873 1258 2950 dolendum
1311 2875 1439 2961 sit,
1517 2881 1725 2955 nimis
1794 2882 2045 2954 multas
2098 2881 2330 2955 causas
2378 2881 2661 2956 existere
2713 2935 2732 2965 ‚
2815 2913 2975 2982 quae

537 2996 671 3048 nos
732 2995 974 3048 omnes
1019 2999 1057 3048 a
1114 2975 1428 3053 moribus
1483 2977 1716 3076 priseae
1774 2981 1995 3076 gentis
2045 2982 2419 3057 Helveticae
2462 2983 2817 3061 deflectere
2872 2986 2970 3061 fa-

439 3135 448 3140 .
535 3073 771 3159 ciunt,
827 3076 1132 3154 &luxui
1174 3077 1435 3157 aditum
1485 3084 1667 3160 intra
1708 3079 1884 3181 ipsas
1934 3082 2289 3162 montosas
2334 3085 2603 3164 nostras
2644 3091 2968 3188 regiones

195 3503 385 3575 Ritus.

530 3196 970 3273 paraverunt·

1569 3309 1653 3424 §.
1740 3318 1875 3404 lv,

688 3480 883 3553 Ritus
917 3475 991 3553 in
1038 3479 1288 3575 quovis
1328 3476 1490 3561 loco
1534 3485 1833 3575 diversi}
1890 3486 2004 3564 seu
2043 3492 2239 3566 adius
2283 3491 2573 3587 quosvis
2604 3489 2963 3588 publicos,

429 3591 432 3596 ’
532 3575 1050 3665 ecclefiasticoS,
1104 3581 1416 3677 politicos
1448 3589 1763 3673 ,civiles
1803 3593 2192 3666 celebrandi
2236 3594 2426 3664 modi
2474 3617 2513 3664 a
2564 3596 2963 3689 peregrina-

529 3693 681 3753 ποτε
717 3703 999 3776 quoque
1041 3703 1512 3777 annotentur,
1591 3690 1780 3788 iique
1826 3694 2047 3792 multa
2094 3689 2327 3787 quoad
2370 3693 2651 3785 genium
2708 3700 2772 3768 δι
2820 3693 2959 3771 fata

557 3853 634 3930 D)
660 3857 762 3994 1⁶²
775 3859 1147 3999 iisdginAhilge
1177 3863 1344 3925 caulis
1379 3882 1658 3926 nnmerum
1697 3820 1995 3964 incolarum
2036 3863 2585 3968 decrescere-nervose
2615 3875 2847 3945 explieat
2878 3849 2955 3930 Il-

646 3955 1149 4090 farma.
1182 3943 1947 4104 {amatia-‘ra
2112 3949 2201 4008 *’
2233 3950 2499 4010 Μ*
2531 3973 2589 4010 ”
2625 3954 2823 4040 ’*’··”
2860 3953 2971 4062 *’
