<?xml version="1.0" encoding="UTF-8"?>
<!DOCTYPE html PUBLIC "-//W3C//DTD XHTML 1.0 Transitional//EN"
    "http://www.w3.org/TR/xhtml1/DTD/xhtml1-transitional.dtd">
<html xmlns="http://www.w3.org/1999/xhtml" xml:lang="en" lang="en">
 <head>
  <title>
</title>
<meta http-equiv="Content-Type" content="text/html;charset=utf-8" />
  <meta name='ocr-system' content='tesseract 3.04.00' />
  <meta name='ocr-capabilities' content='ocr_page ocr_carea ocr_par ocr_line ocrx_word'/>
</head>
<body>
  <div class='ocr_page' id='page_1' title='image "./dissertationisp00schigoog_0031.png"; bbox 0 0 3400 4725; ppageno 0'>
   <div class='ocr_carea' id='block_1_1' title="bbox 1460 223 2855 323">
    <p class='ocr_par' dir='ltr' id='par_1_1' title="bbox 1460 223 2855 323">
     <span class='ocr_line' id='line_1_1' title="bbox 1460 223 2855 323; baseline -0.009 -8"><span class='ocrx_word' id='word_1_1' title='bbox 1460 223 1792 323; x_wconf 89' lang='lat'>)0(</span> <span class='ocrx_word' id='word_1_2' title='bbox 2760 240 2855 302; x_wconf 87' lang='lat'>21</span> 
     </span>
    </p>
   </div>
   <div class='ocr_carea' id='block_1_2' title="bbox 307 425 3169 1449">
    <p class='ocr_par' dir='ltr' id='par_1_2' title="bbox 368 425 2840 529">
     <span class='ocr_line' id='line_1_2' title="bbox 368 425 2840 529; baseline -0.002 -16"><span class='ocrx_word' id='word_1_3' title='bbox 368 435 607 513; x_wconf 64' lang='lat' dir='ltr'>fructu</span> <span class='ocrx_word' id='word_1_4' title='bbox 656 429 1072 514; x_wconf 77' lang='lat' dir='ltr'>observabit.</span> <span class='ocrx_word' id='word_1_5' title='bbox 1177 431 1672 511; x_wconf 79' lang='lat' dir='ltr'>Determinatis</span> <span class='ocrx_word' id='word_1_6' title='bbox 1716 452 2060 510; x_wconf 81' lang='lat' dir='ltr'>terrarum</span> <span class='ocrx_word' id='word_1_7' title='bbox 2116 434 2185 509; x_wconf 74' lang='lat' dir='ltr'>Sc</span> <span class='ocrx_word' id='word_1_8' title='bbox 2226 425 2538 527; x_wconf 79' lang='lat' dir='ltr'>lapidum</span> <span class='ocrx_word' id='word_1_9' title='bbox 2586 425 2840 529; x_wconf 87' lang='lat' dir='ltr'>specie·</span> 
     </span>
    </p>

    <p class='ocr_par' dir='ltr' id='par_1_3' title="bbox 367 530 2836 637">
     <span class='ocr_line' id='line_1_3' title="bbox 367 530 2836 637; baseline -0.002 -23"><span class='ocrx_word' id='word_1_10' title='bbox 367 541 543 624; x_wconf 85' lang='lat' dir='ltr'>bus,</span> <span class='ocrx_word' id='word_1_11' title='bbox 621 565 781 637; x_wconf 84' lang='lat' dir='ltr'>quae</span> <span class='ocrx_word' id='word_1_12' title='bbox 843 536 1160 615; x_wconf 86' lang='lat' dir='ltr'>montem</span> <span class='ocrx_word' id='word_1_13' title='bbox 1224 536 1704 619; x_wconf 87' lang='lat' dir='ltr'>constituunt,</span> <span class='ocrx_word' id='word_1_14' title='bbox 1760 536 2178 618; x_wconf 82' lang='lat' dir='ltr'>stratorum,</span> <span class='ocrx_word' id='word_1_15' title='bbox 2256 531 2305 609; x_wconf 80' lang='lat' dir='ltr'><strong>fi</strong></span> <span class='ocrx_word' id='word_1_16' title='bbox 2362 530 2625 617; x_wconf 71' lang='lat' dir='ltr'>adsint,</span> <span class='ocrx_word' id='word_1_17' title='bbox 2701 560 2836 611; x_wconf 88' lang='lat' dir='ltr'>nu·</span> 
     </span>
    </p>

    <p class='ocr_par' dir='ltr' id='par_1_4' title="bbox 362 633 2827 729">
     <span class='ocr_line' id='line_1_4' title="bbox 362 633 2827 729; baseline -0 -13"><span class='ocrx_word' id='word_1_18' title='bbox 362 668 607 726; x_wconf 87' lang='lat' dir='ltr'>mero,</span> <span class='ocrx_word' id='word_1_19' title='bbox 664 640 1002 729; x_wconf 80' lang='lat' dir='ltr'>crasfitie,</span> <span class='ocrx_word' id='word_1_20' title='bbox 1060 641 1484 722; x_wconf 68' lang='lat' dir='ltr'>diceetione,</span> <span class='ocrx_word' id='word_1_21' title='bbox 1542 634 2043 722; x_wconf 70' lang='lat' dir='ltr'>inclinatione,</span> <span class='ocrx_word' id='word_1_22' title='bbox 2098 633 2513 713; x_wconf 79' lang='lat' dir='ltr'>describitur</span> <span class='ocrx_word' id='word_1_23' title='bbox 2564 640 2827 715; x_wconf 88' lang='lat' dir='ltr'>montis</span> 
     </span>
    </p>

    <p class='ocr_par' dir='ltr' id='par_1_5' title="bbox 307 734 3169 1449">
     <span class='ocr_line' id='line_1_5' title="bbox 307 734 3169 842; baseline 0 -26"><span class='ocrx_word' id='word_1_24' title='bbox 307 773 318 787; x_wconf 93' lang='lat'><strong>·</strong></span> <span class='ocrx_word' id='word_1_25' title='bbox 362 743 676 838; x_wconf 69' lang='lat' dir='ltr'>cujusvis·</span> <span class='ocrx_word' id='word_1_26' title='bbox 711 741 977 842; x_wconf 56' lang='lat' dir='ltr'>figufa,</span> <span class='ocrx_word' id='word_1_27' title='bbox 1061 770 1204 820; x_wconf 87' lang='lat' dir='ltr'>non</span> <span class='ocrx_word' id='word_1_28' title='bbox 1251 744 1337 816; x_wconf 77' lang='lat' dir='ltr'>ab</span> <span class='ocrx_word' id='word_1_29' title='bbox 1385 766 1565 824; x_wconf 80' lang='lat' dir='ltr'>una,</span> <span class='ocrx_word' id='word_1_30' title='bbox 1659 738 1775 815; x_wconf 87' lang='lat' dir='ltr'>sed</span> <span class='ocrx_word' id='word_1_31' title='bbox 1836 741 1923 815; x_wconf 82' lang='lat' dir='ltr'>ab</span> <span class='ocrx_word' id='word_1_32' title='bbox 1970 740 2166 813; x_wconf 84' lang='lat' dir='ltr'>omni</span> <span class='ocrx_word' id='word_1_33' title='bbox 2212 734 2411 834; x_wconf 81' lang='lat' dir='ltr'>plaga</span> <span class='ocrx_word' id='word_1_34' title='bbox 2470 736 2767 831; x_wconf 63' lang='lat' dir='ltr'>speciata</span> <span class='ocrx_word' id='word_1_35' title='bbox 2798 792 2823 825; x_wconf 89' lang='lat'>,</span> <span class='ocrx_word' id='word_1_36' title='bbox 2942 742 3169 817; x_wconf 65' lang='lat' dir='ltr'>rigum.</span> 
     </span>
     <span class='ocr_line' id='line_1_6' title="bbox 359 836 2824 944; baseline -0.001 -24"><span class='ocrx_word' id='word_1_37' title='bbox 359 841 591 938; x_wconf 83' lang='lat' dir='ltr'>qualis</span> <span class='ocrx_word' id='word_1_38' title='bbox 631 844 708 921; x_wconf 78' lang='lat' dir='ltr'>iit</span> <span class='ocrx_word' id='word_1_39' title='bbox 733 847 1131 942; x_wconf 65' lang='lat' dir='ltr'>strenuitas,</span> <span class='ocrx_word' id='word_1_40' title='bbox 1186 842 1430 944; x_wconf 81' lang='lat' dir='ltr'>plana,</span> <span class='ocrx_word' id='word_1_41' title='bbox 1492 839 1883 939; x_wconf 77' lang='lat' dir='ltr'>cuspidata,</span> <span class='ocrx_word' id='word_1_42' title='bbox 1939 843 2127 938; x_wconf 71' lang='lat' dir='ltr'>apice</span> <span class='ocrx_word' id='word_1_43' title='bbox 2174 843 2385 915; x_wconf 88' lang='lat' dir='ltr'>unico</span> <span class='ocrx_word' id='word_1_44' title='bbox 2431 836 2551 915; x_wconf 84' lang='lat' dir='ltr'>vel</span> <span class='ocrx_word' id='word_1_45' title='bbox 2601 838 2824 937; x_wconf 87' lang='lat' dir='ltr'>pluri-</span> 
     </span>
     <span class='ocr_line' id='line_1_7' title="bbox 357 940 2822 1046; baseline 0 -28"><span class='ocrx_word' id='word_1_46' title='bbox 357 945 526 1031; x_wconf 86' lang='lat' dir='ltr'>bus,</span> <span class='ocrx_word' id='word_1_47' title='bbox 580 946 1013 1046; x_wconf 79' lang='lat' dir='ltr'>aequal&#39;ibuS,</span> <span class='ocrx_word' id='word_1_48' title='bbox 1068 944 1180 1023; x_wconf 79' lang='lat' dir='ltr'>ve&#39;l</span> <span class='ocrx_word' id='word_1_49' title='bbox 1225 974 1371 1023; x_wconf 91' lang='lat' dir='ltr'>uno</span> <span class='ocrx_word' id='word_1_50' title='bbox 1413 940 1638 1029; x_wconf 74' lang='lat' dir='ltr'>altero</span> <span class='ocrx_word' id='word_1_51' title='bbox 1675 942 2005 1019; x_wconf 84' lang='lat' dir='ltr'>elatiore:</span> <span class='ocrx_word' id='word_1_52' title='bbox 2062 968 2433 1039; x_wconf 81' lang='lat' dir='ltr'>quemnam</span> <span class='ocrx_word' id='word_1_53' title='bbox 2474 947 2822 1019; x_wconf 80' lang='lat' dir='ltr'>acclivitas</span> 
     </span>
     <span class='ocr_line' id='line_1_8' title="bbox 360 1040 2815 1148; baseline 0 -27"><span class='ocrx_word' id='word_1_54' title='bbox 360 1051 684 1134; x_wconf 85' lang='lat' dir='ltr'>montis,</span> <span class='ocrx_word' id='word_1_55' title='bbox 761 1051 902 1127; x_wconf 80' lang='lat' dir='ltr'>live</span> <span class='ocrx_word' id='word_1_56' title='bbox 957 1047 1483 1148; x_wconf 80' lang='lat' dir='ltr'>hypothenusa,</span> <span class='ocrx_word' id='word_1_57' title='bbox 1575 1072 1735 1121; x_wconf 88' lang='lat' dir='ltr'>cum</span> <span class='ocrx_word' id='word_1_58' title='bbox 1801 1045 1940 1120; x_wconf 68' lang='lat' dir='ltr'>bati</span> <span class='ocrx_word' id='word_1_59' title='bbox 1994 1040 2417 1121; x_wconf 83' lang='lat' dir='ltr'>horizontali</span> <span class='ocrx_word' id='word_1_60' title='bbox 2476 1042 2815 1144; x_wconf 85' lang='lat' dir='ltr'>angulum</span> 
     </span>
     <span class='ocr_line' id='line_1_9' title="bbox 364 1144 2816 1244; baseline 0.001 -22"><span class='ocrx_word' id='word_1_61' title='bbox 364 1145 610 1224; x_wconf 72' lang='lat' dir='ltr'>ficiat:</span> <span class='ocrx_word' id='word_1_62' title='bbox 695 1152 1263 1235; x_wconf 78' lang='lat' dir='ltr'>determinanda,</span> <span class='ocrx_word' id='word_1_63' title='bbox 1320 1148 1366 1223; x_wconf 86' lang='lat' dir='ltr'>fi</span> <span class='ocrx_word' id='word_1_64' title='bbox 1409 1146 1560 1223; x_wconf 83' lang='lat' dir='ltr'>ficri</span> <span class='ocrx_word' id='word_1_65' title='bbox 1601 1148 1865 1241; x_wconf 88' lang='lat' dir='ltr'>potest,</span> <span class='ocrx_word' id='word_1_66' title='bbox 1922 1148 2302 1244; x_wconf 75' lang='lat' dir='ltr'>longitude,</span> <span class='ocrx_word' id='word_1_67' title='bbox 2384 1144 2464 1235; x_wconf 62' lang='lat' dir='ltr'>{J</span> <span class='ocrx_word' id='word_1_68' title='bbox 2524 1149 2816 1225; x_wconf 72' lang='lat' dir='ltr'>latitudo</span> 
     </span>
     <span class='ocr_line' id='line_1_10' title="bbox 345 1248 2815 1346; baseline 0.002 -24"><span class='ocrx_word' id='word_1_69' title='bbox 345 1258 748 1344; x_wconf 73' lang='lat' dir='ltr'>geometrIccr</span> <span class='ocrx_word' id='word_1_70' title='bbox 799 1254 1109 1336; x_wconf 88' lang='lat' dir='ltr'>montis,</span> <span class='ocrx_word' id='word_1_71' title='bbox 1167 1252 1508 1344; x_wconf 76' lang='lat' dir='ltr'>praecipue</span> <span class='ocrx_word' id='word_1_72' title='bbox 1554 1251 1761 1323; x_wconf 82' lang='lat' dir='ltr'>ctiam</span> <span class='ocrx_word' id='word_1_73' title='bbox 1820 1248 2147 1333; x_wconf 82' lang='lat' dir='ltr'>altitudo,</span> <span class='ocrx_word' id='word_1_74' title='bbox 2202 1272 2358 1346; x_wconf 74' lang='lat' dir='ltr'>quae</span> <span class='ocrx_word' id='word_1_75' title='bbox 2400 1248 2815 1327; x_wconf 73' lang='lat' dir='ltr'>confiderari</span> 
     </span>
     <span class='ocr_line' id='line_1_11' title="bbox 358 1348 2809 1449; baseline 0.001 -26"><span class='ocrx_word' id='word_1_76' title='bbox 358 1350 584 1444; x_wconf 88' lang='lat' dir='ltr'>potest</span> <span class='ocrx_word' id='word_1_77' title='bbox 626 1372 708 1427; x_wconf 85' lang='lat' dir='ltr'>ut</span> <span class='ocrx_word' id='word_1_78' title='bbox 752 1350 942 1427; x_wconf 76' lang='lat' dir='ltr'>fietis</span> <span class='ocrx_word' id='word_1_79' title='bbox 980 1348 1270 1449; x_wconf 85' lang='lat' dir='ltr'>anguli,</span> <span class='ocrx_word' id='word_1_80' title='bbox 1351 1376 1559 1447; x_wconf 88' lang='lat' dir='ltr'>quem</span> <span class='ocrx_word' id='word_1_81' title='bbox 1607 1348 2103 1446; x_wconf 68' lang='lat' dir='ltr'>hypothemisa</span> <span class='ocrx_word' id='word_1_82' title='bbox 2152 1376 2311 1426; x_wconf 82' lang='lat' dir='ltr'>eum</span> <span class='ocrx_word' id='word_1_83' title='bbox 2355 1351 2491 1427; x_wconf 70' lang='lat' dir='ltr'>bati</span> <span class='ocrx_word' id='word_1_84' title='bbox 2537 1351 2809 1428; x_wconf 82' lang='lat' dir='ltr'>format.</span> 
     </span>
    </p>
   </div>
   <div class='ocr_carea' id='block_1_3' title="bbox 2876 906 3291 992">
    <p class='ocr_par' dir='ltr' id='par_1_6' title="bbox 2876 906 3291 992">
     <span class='ocr_line' id='line_1_12' title="bbox 2876 906 3291 992; baseline -0.005 -26"><span class='ocrx_word' id='word_1_85' title='bbox 2876 906 3028 967; x_wconf 77' lang='lat' dir='ltr'>Accii</span> <span class='ocrx_word' id='word_1_86' title='bbox 3036 908 3211 967; x_wconf 58' lang='lat' dir='ltr'>vitam·</span> <span class='ocrx_word' id='word_1_87' title='bbox 3268 922 3291 992; x_wconf 30' lang='grc' dir='ltr'>ἰ</span> 
     </span>
    </p>
   </div>
   <div class='ocr_carea' id='block_1_4' title="bbox 2872 1124 3263 1258">
    <p class='ocr_par' dir='ltr' id='par_1_7' title="bbox 2872 1124 3263 1258">
     <span class='ocr_line' id='line_1_13' title="bbox 2872 1124 3263 1258; baseline -0.005 -71"><span class='ocrx_word' id='word_1_88' title='bbox 2872 1126 3136 1258; x_wconf 58' lang='grc' dir='ltr'>1011ξίἱά</span> <span class='ocrx_word' id='word_1_89' title='bbox 3174 1124 3263 1185; x_wconf 78' lang='lat' dir='ltr'>la-</span> 
     </span>
    </p>
   </div>
   <div class='ocr_carea' id='block_1_5' title="bbox 345 1502 3233 2006">
    <p class='ocr_par' dir='ltr' id='par_1_8' title="bbox 345 1502 3233 2006">
     <span class='ocr_line' id='line_1_14' title="bbox 559 1502 3207 1606; baseline 0.002 -25"><span class='ocrx_word' id='word_1_90' title='bbox 559 1507 875 1585; x_wconf 79' lang='lat' dir='ltr'>Altituclo</span> <span class='ocrx_word' id='word_1_91' title='bbox 919 1507 1015 1582; x_wconf 87' lang='lat' dir='ltr'>est</span> <span class='ocrx_word' id='word_1_92' title='bbox 1057 1506 1372 1582; x_wconf 71' lang='lat' dir='ltr'>distantia</span> <span class='ocrx_word' id='word_1_93' title='bbox 1415 1502 2000 1603; x_wconf 75' lang='lat' dir='ltr'>perpendicul.n·is</span> <span class='ocrx_word' id='word_1_94' title='bbox 2032 1532 2071 1580; x_wconf 80' lang='lat' dir='ltr'>a</span> <span class='ocrx_word' id='word_1_95' title='bbox 2102 1507 2334 1583; x_wconf 90' lang='lat' dir='ltr'>littore</span> <span class='ocrx_word' id='word_1_96' title='bbox 2376 1508 2629 1594; x_wconf 77' lang='lat' dir='ltr'>maris,</span> <span class='ocrx_word' id='word_1_97' title='bbox 2685 1531 2809 1585; x_wconf 83' lang='lat' dir='ltr'>aut</span> <span class='ocrx_word' id='word_1_98' title='bbox 2906 1537 3207 1606; x_wconf 70' lang='lat' dir='ltr'>Altitudo,</span> 
     </span>
     <span class='ocr_line' id='line_1_15' title="bbox 350 1603 3230 1706; baseline 0.001 -27"><span class='ocrx_word' id='word_1_99' title='bbox 350 1604 438 1679; x_wconf 86' lang='lat' dir='ltr'>ab</span> <span class='ocrx_word' id='word_1_100' title='bbox 487 1608 621 1682; x_wconf 78' lang='lat' dir='ltr'>alio</span> <span class='ocrx_word' id='word_1_101' title='bbox 658 1605 866 1695; x_wconf 88' lang='lat' dir='ltr'>loco,</span> <span class='ocrx_word' id='word_1_102' title='bbox 915 1609 1118 1704; x_wconf 82' lang='lat' dir='ltr'>cujus</span> <span class='ocrx_word' id='word_1_103' title='bbox 1166 1604 1468 1684; x_wconf 84' lang='lat' dir='ltr'>altitudo</span> <span class='ocrx_word' id='word_1_104' title='bbox 1515 1610 1602 1681; x_wconf 80' lang='lat' dir='ltr'>ab</span> <span class='ocrx_word' id='word_1_105' title='bbox 1649 1610 1893 1683; x_wconf 88' lang='lat' dir='ltr'>eodem</span> <span class='ocrx_word' id='word_1_106' title='bbox 1940 1603 2175 1683; x_wconf 87' lang='lat' dir='ltr'>littore</span> <span class='ocrx_word' id='word_1_107' title='bbox 2223 1611 2427 1683; x_wconf 71' lang='lat' dir='ltr'>maris</span> <span class='ocrx_word' id='word_1_108' title='bbox 2466 1611 2604 1705; x_wconf 82' lang='lat' dir='ltr'>jam</span> <span class='ocrx_word' id='word_1_109' title='bbox 2644 1636 2809 1706; x_wconf 89' lang='lat' dir='ltr'>cog·</span> <span class='ocrx_word' id='word_1_110' title='bbox 2932 1628 3171 1682; x_wconf 73' lang='lat' dir='ltr'>eamque</span> <span class='ocrx_word' id='word_1_111' title='bbox 3208 1682 3230 1697; x_wconf 73' lang='grc'>,</span> 
     </span>
     <span class='ocr_line' id='line_1_16' title="bbox 350 1680 3233 1813; baseline 0.002 -34"><span class='ocrx_word' id='word_1_112' title='bbox 350 1708 497 1780; x_wconf 83' lang='lat' dir='ltr'>nita</span> <span class='ocrx_word' id='word_1_113' title='bbox 551 1708 890 1794; x_wconf 85' lang='lat' dir='ltr'>habetur,</span> <span class='ocrx_word' id='word_1_114' title='bbox 949 1707 1408 1784; x_wconf 81' lang='lat' dir='ltr'>mensuranda</span> <span class='ocrx_word' id='word_1_115' title='bbox 1461 1710 1980 1804; x_wconf 83' lang='lat' dir='ltr'>operationibus</span> <span class='ocrx_word' id='word_1_116' title='bbox 2028 1712 2504 1805; x_wconf 82' lang='lat' dir='ltr'>geometricis,</span> <span class='ocrx_word' id='word_1_117' title='bbox 2562 1716 2630 1786; x_wconf 72' lang='grc' dir='ltr'>δι</span> <span class='ocrx_word' id='word_1_118' title='bbox 2681 1716 2808 1786; x_wconf 88' lang='lat' dir='ltr'>tri·</span> <span class='ocrx_word' id='word_1_119' title='bbox 2866 1680 3233 1813; x_wconf 48' lang='grc' dir='ltr'>ωωὲξῗξὼ</span> 
     </span>
     <span class='ocr_line' id='line_1_17' title="bbox 346 1811 2806 1907; baseline 0.003 -28"><span class='ocrx_word' id='word_1_120' title='bbox 346 1812 881 1905; x_wconf 81' lang='lat' dir='ltr'>gonometricis,</span> <span class='ocrx_word' id='word_1_121' title='bbox 957 1835 1103 1884; x_wconf 87' lang='lat' dir='ltr'>non</span> <span class='ocrx_word' id='word_1_122' title='bbox 1151 1811 1456 1907; x_wconf 67' lang='lat' dir='ltr'>neglecta</span> <span class='ocrx_word' id='word_1_123' title='bbox 1503 1813 1972 1891; x_wconf 61' lang='lat' dir='ltr'>correctione,</span> <span class='ocrx_word' id='word_1_124' title='bbox 2058 1836 2268 1905; x_wconf 84' lang='lat' dir='ltr'>quam</span> <span class='ocrx_word' id='word_1_125' title='bbox 2328 1812 2646 1887; x_wconf 64' lang='lat' dir='ltr'>restrictio</span> <span class='ocrx_word' id='word_1_126' title='bbox 2696 1838 2806 1886; x_wconf 84' lang='lat' dir='ltr'>ra-</span> 
     </span>
     <span class='ocr_line' id='line_1_18' title="bbox 345 1908 2805 2006; baseline 0.004 -25"><span class='ocrx_word' id='word_1_127' title='bbox 345 1911 625 1985; x_wconf 86' lang='lat' dir='ltr'>diorum</span> <span class='ocrx_word' id='word_1_128' title='bbox 679 1908 856 1987; x_wconf 86' lang='lat' dir='ltr'>lucis</span> <span class='ocrx_word' id='word_1_129' title='bbox 905 1937 1026 2006; x_wconf 88' lang='lat' dir='ltr'>per</span> <span class='ocrx_word' id='word_1_130' title='bbox 1074 1923 1339 1997; x_wconf 76' lang='lat' dir='ltr'>aerem,</span> <span class='ocrx_word' id='word_1_131' title='bbox 1421 1937 1609 1987; x_wconf 87' lang='lat' dir='ltr'>nunc</span> <span class='ocrx_word' id='word_1_132' title='bbox 1661 1910 2093 1995; x_wconf 82' lang='lat' dir='ltr'>denfiorem,</span> <span class='ocrx_word' id='word_1_133' title='bbox 2175 1939 2365 1991; x_wconf 86' lang='lat' dir='ltr'>nunc</span> <span class='ocrx_word' id='word_1_134' title='bbox 2418 1916 2805 2000; x_wconf 82' lang='lat' dir='ltr'>rariorem,</span> 
     </span>
    </p>
   </div>
   <div class='ocr_carea' id='block_1_6' title="bbox 343 2008 1070 2085">
    <p class='ocr_par' dir='ltr' id='par_1_9' title="bbox 343 2008 1070 2085">
     <span class='ocr_line' id='line_1_19' title="bbox 343 2008 1070 2085; baseline 0.003 -2"><span class='ocrx_word' id='word_1_135' title='bbox 343 2008 775 2085; x_wconf 75' lang='lat' dir='ltr'>necefl&#39;ariam</span> <span class='ocrx_word' id='word_1_136' title='bbox 821 2012 1070 2085; x_wconf 85' lang='lat' dir='ltr'>reddit.</span> 
     </span>
    </p>
   </div>
   <div class='ocr_carea' id='block_1_7' title="bbox 244 2163 2871 3774">
    <p class='ocr_par' dir='ltr' id='par_1_10' title="bbox 244 2163 2871 3760">
     <span class='ocr_line' id='line_1_20' title="bbox 546 2163 2804 2261; baseline -0.002 -16"><span class='ocrx_word' id='word_1_137' title='bbox 546 2168 689 2245; x_wconf 87' lang='lat' dir='ltr'>Ubi</span> <span class='ocrx_word' id='word_1_138' title='bbox 729 2187 964 2243; x_wconf 82' lang='lat' dir='ltr'>autem</span> <span class='ocrx_word' id='word_1_139' title='bbox 1003 2163 1114 2239; x_wconf 75' lang='lat' dir='ltr'>hae</span> <span class='ocrx_word' id='word_1_140' title='bbox 1163 2170 1599 2261; x_wconf 83' lang='lat' dir='ltr'>operationes</span> <span class='ocrx_word' id='word_1_141' title='bbox 1655 2170 1727 2242; x_wconf 90' lang='lat' dir='ltr'>in</span> <span class='ocrx_word' id='word_1_142' title='bbox 1789 2166 1930 2241; x_wconf 82' lang='lat' dir='ltr'>hoc</span> <span class='ocrx_word' id='word_1_143' title='bbox 1997 2188 2117 2243; x_wconf 86' lang='lat' dir='ltr'>aut</span> <span class='ocrx_word' id='word_1_144' title='bbox 2176 2166 2399 2244; x_wconf 83' lang='lat' dir='ltr'>altero</span> <span class='ocrx_word' id='word_1_145' title='bbox 2482 2168 2642 2245; x_wconf 75' lang='lat' dir='ltr'>casu</span> <span class='ocrx_word' id='word_1_146' title='bbox 2696 2173 2804 2246; x_wconf 87' lang='lat' dir='ltr'>ni.</span> 
     </span>
     <span class='ocr_line' id='line_1_21' title="bbox 338 2263 2799 2348; baseline 0.001 -3"><span class='ocrx_word' id='word_1_147' title='bbox 338 2267 477 2345; x_wconf 87' lang='lat' dir='ltr'>mis</span> <span class='ocrx_word' id='word_1_148' title='bbox 545 2265 862 2343; x_wconf 81' lang='lat' dir='ltr'>difficiles</span> <span class='ocrx_word' id='word_1_149' title='bbox 913 2263 1116 2348; x_wconf 74' lang='lat' dir='ltr'>sunt,</span> <span class='ocrx_word' id='word_1_150' title='bbox 1194 2270 1550 2344; x_wconf 63' lang='lat' dir='ltr'>aestimatio</span> <span class='ocrx_word' id='word_1_151' title='bbox 1605 2263 2058 2343; x_wconf 80' lang='lat' dir='ltr'>altitudinum</span> <span class='ocrx_word' id='word_1_152' title='bbox 2127 2266 2209 2344; x_wconf 85' lang='lat' dir='ltr'>fit</span> <span class='ocrx_word' id='word_1_153' title='bbox 2273 2297 2360 2345; x_wconf 84' lang='lat' dir='ltr'>ex</span> <span class='ocrx_word' id='word_1_154' title='bbox 2428 2266 2799 2347; x_wconf 80' lang='lat' dir='ltr'>altitudine</span> 
     </span>
     <span class='ocr_line' id='line_1_22' title="bbox 337 2365 2797 2466; baseline 0.001 -20"><span class='ocrx_word' id='word_1_155' title='bbox 337 2374 760 2458; x_wconf 79' lang='lat' dir='ltr'>Barometri,</span> <span class='ocrx_word' id='word_1_156' title='bbox 837 2369 966 2464; x_wconf 88' lang='lat' dir='ltr'>(y)</span> <span class='ocrx_word' id='word_1_157' title='bbox 1015 2365 1306 2445; x_wconf 80' lang='lat' dir='ltr'>assumto</span> <span class='ocrx_word' id='word_1_158' title='bbox 1347 2397 1475 2454; x_wconf 90' lang='lat' dir='ltr'>eo,</span> <span class='ocrx_word' id='word_1_159' title='bbox 1555 2373 1751 2466; x_wconf 89' lang='lat' dir='ltr'>quod</span> <span class='ocrx_word' id='word_1_160' title='bbox 1804 2397 1892 2444; x_wconf 85' lang='lat' dir='ltr'>ex</span> <span class='ocrx_word' id='word_1_161' title='bbox 1949 2392 2194 2445; x_wconf 79' lang='lat' dir='ltr'>natura</span> <span class='ocrx_word' id='word_1_162' title='bbox 2236 2375 2408 2447; x_wconf 80' lang='lat' dir='ltr'>aeris</span> <span class='ocrx_word' id='word_1_163' title='bbox 2458 2373 2797 2449; x_wconf 77' lang='lat' dir='ltr'>aisumen-</span> 
     </span>
     <span class='ocr_line' id='line_1_23' title="bbox 338 2464 2797 2569; baseline 0.001 -25"><span class='ocrx_word' id='word_1_164' title='bbox 338 2477 506 2547; x_wconf 87' lang='lat' dir='ltr'>dum</span> <span class='ocrx_word' id='word_1_165' title='bbox 556 2473 690 2556; x_wconf 89' lang='lat' dir='ltr'>est,</span> <span class='ocrx_word' id='word_1_166' title='bbox 745 2497 891 2567; x_wconf 87' lang='lat' dir='ltr'>quo</span> <span class='ocrx_word' id='word_1_167' title='bbox 937 2464 1154 2542; x_wconf 82' lang='lat' dir='ltr'>altius</span> <span class='ocrx_word' id='word_1_168' title='bbox 1206 2468 1642 2554; x_wconf 78' lang='lat' dir='ltr'>ascenditur,</span> <span class='ocrx_word' id='word_1_169' title='bbox 1726 2498 1810 2546; x_wconf 89' lang='lat' dir='ltr'>eo</span> <span class='ocrx_word' id='word_1_170' title='bbox 1863 2471 2272 2561; x_wconf 78' lang='lat' dir='ltr'>preffionem</span> <span class='ocrx_word' id='word_1_171' title='bbox 2323 2471 2797 2569; x_wconf 75' lang='lat' dir='ltr'>atmni&#39;phaerae</span> 
     </span>
     <span class='ocr_line' id='line_1_24' title="bbox 244 2569 2799 2660; baseline 0.001 -12"><span class='ocrx_word' id='word_1_172' title='bbox 244 2586 271 2598; x_wconf 74' lang='grc'><strong>“</strong></span> <span class='ocrx_word' id='word_1_173' title='bbox 333 2575 684 2648; x_wconf 84' lang='lat' dir='ltr'>minorem</span> <span class='ocrx_word' id='word_1_174' title='bbox 743 2569 909 2660; x_wconf 66' lang='lat' dir='ltr'>else,</span> <span class='ocrx_word' id='word_1_175' title='bbox 1015 2571 1082 2641; x_wconf 72' lang='grc' dir='ltr'>δι</span> <span class='ocrx_word' id='word_1_176' title='bbox 1148 2569 1310 2644; x_wconf 83' lang='lat' dir='ltr'>inde</span> <span class='ocrx_word' id='word_1_177' title='bbox 1367 2573 1789 2646; x_wconf 86' lang='lat' dir='ltr'>mercurium</span> <span class='ocrx_word' id='word_1_178' title='bbox 1843 2573 1915 2643; x_wconf 87' lang='lat' dir='ltr'>in</span> <span class='ocrx_word' id='word_1_179' title='bbox 1962 2573 2366 2648; x_wconf 85' lang='lat' dir='ltr'>Barometro</span> <span class='ocrx_word' id='word_1_180' title='bbox 2419 2576 2799 2652; x_wconf 78' lang='lat' dir='ltr'>denteffio-</span> 
     </span>
     <span class='ocr_line' id='line_1_25' title="bbox 333 2667 2796 2763; baseline 0 -14"><span class='ocrx_word' id='word_1_181' title='bbox 333 2698 526 2760; x_wconf 87' lang='lat' dir='ltr'>rem,</span> <span class='ocrx_word' id='word_1_182' title='bbox 619 2676 727 2758; x_wconf 76' lang='grc' dir='ltr'>δι,</span> <span class='ocrx_word' id='word_1_183' title='bbox 825 2671 898 2746; x_wconf 89' lang='lat' dir='ltr'>in</span> <span class='ocrx_word' id='word_1_184' title='bbox 979 2692 1124 2763; x_wconf 90' lang='lat' dir='ltr'>quo</span> <span class='ocrx_word' id='word_1_185' title='bbox 1166 2667 1713 2748; x_wconf 77' lang='lat' dir='ltr'>‚observationes</span> <span class='ocrx_word' id='word_1_186' title='bbox 1778 2670 1915 2752; x_wconf 83' lang='lat' dir='ltr'>fere</span> <span class='ocrx_word' id='word_1_187' title='bbox 1999 2697 2244 2748; x_wconf 89' lang='lat' dir='ltr'>omnes</span> <span class='ocrx_word' id='word_1_188' title='bbox 2311 2672 2796 2759; x_wconf 76' lang='lat' dir='ltr'>consentiunt,</span> 
     </span>
     <span class='ocr_line' id='line_1_26' title="bbox 329 2771 2790 2874; baseline 0 -22"><span class='ocrx_word' id='word_1_189' title='bbox 329 2775 594 2852; x_wconf 86' lang='lat' dir='ltr'>hancce</span> <span class='ocrx_word' id='word_1_190' title='bbox 649 2771 1062 2872; x_wconf 86' lang='lat' dir='ltr'>preffionem</span> <span class='ocrx_word' id='word_1_191' title='bbox 1127 2771 1370 2846; x_wconf 88' lang='lat' dir='ltr'>eodem</span> <span class='ocrx_word' id='word_1_192' title='bbox 1433 2772 1649 2846; x_wconf 85' lang='lat' dir='ltr'>modo</span> <span class='ocrx_word' id='word_1_193' title='bbox 1710 2775 1783 2848; x_wconf 86' lang='lat' dir='ltr'>in</span> <span class='ocrx_word' id='word_1_194' title='bbox 1850 2771 2320 2869; x_wconf 84' lang='lat' dir='ltr'>progreffione</span> <span class='ocrx_word' id='word_1_195' title='bbox 2373 2783 2790 2874; x_wconf 69' lang='lat' dir='ltr'>geometrica</span> 
     </span>
     <span class='ocr_line' id='line_1_27' title="bbox 334 2865 2802 2959; baseline -0 -8"><span class='ocrx_word' id='word_1_196' title='bbox 334 2875 767 2959; x_wconf 81' lang='lat' dir='ltr'>decrescere,</span> <span class='ocrx_word' id='word_1_197' title='bbox 822 2894 901 2948; x_wconf 90' lang='lat' dir='ltr'>ut</span> <span class='ocrx_word' id='word_1_198' title='bbox 953 2865 1357 2945; x_wconf 84' lang='lat' dir='ltr'>altitudines</span> <span class='ocrx_word' id='word_1_199' title='bbox 1398 2871 1472 2944; x_wconf 90' lang='lat' dir='ltr'>in</span> <span class='ocrx_word' id='word_1_200' title='bbox 1519 2871 1949 2948; x_wconf 76' lang='lat' dir='ltr'>arithmetica</span> <span class='ocrx_word' id='word_1_201' title='bbox 2000 2874 2434 2958; x_wconf 83' lang='lat' dir='ltr'>increscunt3</span> <span class='ocrx_word' id='word_1_202' title='bbox 2516 2883 2802 2952; x_wconf 80' lang='lat' dir='ltr'>Mercu-</span> 
     </span>
     <span class='ocr_line' id='line_1_28' title="bbox 333 2965 2800 3068; baseline -0.001 -16"><span class='ocrx_word' id='word_1_203' title='bbox 333 2979 518 3052; x_wconf 87' lang='lat' dir='ltr'>rium</span> <span class='ocrx_word' id='word_1_204' title='bbox 562 2968 945 3068; x_wconf 83' lang='lat' dir='ltr'>Barometri</span> <span class='ocrx_word' id='word_1_205' title='bbox 992 2969 1064 3041; x_wconf 88' lang='lat' dir='ltr'>in</span> <span class='ocrx_word' id='word_1_206' title='bbox 1120 2965 1359 3047; x_wconf 90' lang='lat' dir='ltr'>littore</span> <span class='ocrx_word' id='word_1_207' title='bbox 1420 2974 1628 3045; x_wconf 80' lang='lat' dir='ltr'>maris</span> <span class='ocrx_word' id='word_1_208' title='bbox 1689 2975 1776 3044; x_wconf 85' lang='lat' dir='ltr'>ad</span> <span class='ocrx_word' id='word_1_209' title='bbox 1841 2985 1934 3059; x_wconf 89' lang='lat'>28</span> <span class='ocrx_word' id='word_1_210' title='bbox 1985 2969 2273 3067; x_wconf 76' lang='lat' dir='ltr'>pollices</span> <span class='ocrx_word' id='word_1_211' title='bbox 2308 2972 2643 3050; x_wconf 75' lang='lat' dir='ltr'>Parisinus</span> <span class='ocrx_word' id='word_1_212' title='bbox 2683 2975 2800 3050; x_wconf 90' lang='lat' dir='ltr'>su-</span> 
     </span>
     <span class='ocr_line' id='line_1_29' title="bbox 329 3069 2801 3174; baseline -0 -20"><span class='ocrx_word' id='word_1_213' title='bbox 329 3073 701 3174; x_wconf 84' lang='lat' dir='ltr'>spensum,</span> <span class='ocrx_word' id='word_1_214' title='bbox 772 3077 848 3151; x_wconf 89' lang='lat' dir='ltr'>in</span> <span class='ocrx_word' id='word_1_215' title='bbox 904 3073 1149 3148; x_wconf 85' lang='lat' dir='ltr'>locum</span> <span class='ocrx_word' id='word_1_216' title='bbox 1209 3089 1343 3158; x_wconf 86' lang='lat'>12,</span> <span class='ocrx_word' id='word_1_217' title='bbox 1426 3091 1606 3167; x_wconf 76' lang='lat'>945.</span> <span class='ocrx_word' id='word_1_218' title='bbox 1674 3071 2073 3170; x_wconf 82' lang='lat' dir='ltr'>hexapodas</span> <span class='ocrx_word' id='word_1_219' title='bbox 2141 3069 2462 3150; x_wconf 74' lang='lat' dir='ltr'>altiorem</span> <span class='ocrx_word' id='word_1_220' title='bbox 2514 3102 2801 3171; x_wconf 80' lang='lat' dir='ltr'>portan-</span> 
     </span>
     <span class='ocr_line' id='line_1_30' title="bbox 333 3168 2871 3264; baseline -0.001 -7"><span class='ocrx_word' id='word_1_221' title='bbox 333 3182 508 3258; x_wconf 87' lang='lat' dir='ltr'>dum</span> <span class='ocrx_word' id='word_1_222' title='bbox 543 3177 716 3264; x_wconf 82' lang='lat' dir='ltr'>effe,</span> <span class='ocrx_word' id='word_1_223' title='bbox 798 3196 882 3254; x_wconf 85' lang='lat' dir='ltr'>ut</span> <span class='ocrx_word' id='word_1_224' title='bbox 937 3168 1330 3250; x_wconf 82' lang='lat' dir='ltr'>differentia</span> <span class='ocrx_word' id='word_1_225' title='bbox 1379 3178 1591 3251; x_wconf 85' lang='lat' dir='ltr'>unius</span> <span class='ocrx_word' id='word_1_226' title='bbox 1647 3177 1845 3250; x_wconf 80' lang='lat' dir='ltr'>lineae</span> <span class='ocrx_word' id='word_1_227' title='bbox 1899 3176 2281 3260; x_wconf 80' lang='lat' dir='ltr'>habeatur,</span> <span class='ocrx_word' id='word_1_228' title='bbox 2358 3184 2426 3254; x_wconf 72' lang='grc' dir='ltr'>ἃ</span> <span class='ocrx_word' id='word_1_229' title='bbox 2470 3180 2798 3254; x_wconf 83' lang='lat' dir='ltr'>Barome-</span> <span class='ocrx_word' id='word_1_230' title='bbox 2866 3217 2871 3222; x_wconf 95' lang='lat'><strong>·</strong></span> 
     </span>
     <span class='ocr_line' id='line_1_31' title="bbox 332 3274 2795 3377; baseline -0.001 -20"><span class='ocrx_word' id='word_1_231' title='bbox 332 3299 528 3357; x_wconf 87' lang='lat' dir='ltr'>trum</span> <span class='ocrx_word' id='word_1_232' title='bbox 574 3303 814 3356; x_wconf 82' lang='lat' dir='ltr'>earum</span> <span class='ocrx_word' id='word_1_233' title='bbox 870 3295 998 3371; x_wconf 83' lang='lat'>27,</span> <span class='ocrx_word' id='word_1_234' title='bbox 1041 3277 1318 3350; x_wconf 86' lang='lat' dir='ltr'>indicet.</span> <span class='ocrx_word' id='word_1_235' title='bbox 1419 3277 1604 3374; x_wconf 86' lang='lat' dir='ltr'>Jnde</span> <span class='ocrx_word' id='word_1_236' title='bbox 1644 3303 1730 3350; x_wconf 83' lang='lat' dir='ltr'>ex</span> <span class='ocrx_word' id='word_1_237' title='bbox 1771 3274 2375 3354; x_wconf 78' lang='lat' dir='ltr'>observationibus</span> <span class='ocrx_word' id='word_1_238' title='bbox 2420 3281 2795 3377; x_wconf 82' lang='lat' dir='ltr'>quamplu-</span> 
     </span>
     <span class='ocr_line' id='line_1_32' title="bbox 329 3375 2795 3475; baseline 0 -19"><span class='ocrx_word' id='word_1_239' title='bbox 329 3382 526 3458; x_wconf 84' lang='lat' dir='ltr'>rimis</span> <span class='ocrx_word' id='word_1_240' title='bbox 599 3407 640 3455; x_wconf 73' lang='grc' dir='ltr'>ει</span> <span class='ocrx_word' id='word_1_241' title='bbox 690 3379 1148 3456; x_wconf 82' lang='lat' dir='ltr'>Nobiliss&#39;imo</span> <span class='ocrx_word' id='word_1_242' title='bbox 1196 3379 1339 3453; x_wconf 89' lang='lat' dir='ltr'>Dn.</span> <span class='ocrx_word' id='word_1_243' title='bbox 1399 3380 1485 3451; x_wconf 86' lang='lat' dir='ltr'>de</span> <span class='ocrx_word' id='word_1_244' title='bbox 1542 3379 1737 3455; x_wconf 90' lang='lat' dir='ltr'>LUC</span> <span class='ocrx_word' id='word_1_245' title='bbox 1800 3377 2123 3452; x_wconf 85' lang='lat' dir='ltr'>institutis</span> <span class='ocrx_word' id='word_1_246' title='bbox 2168 3375 2460 3475; x_wconf 74' lang='lat' dir='ltr'>&#39;sequens</span> <span class='ocrx_word' id='word_1_247' title='bbox 2497 3380 2795 3456; x_wconf 64' lang='lat' dir='ltr'>deducte</span> 
     </span>
     <span class='ocr_line' id='line_1_33' title="bbox 327 3476 2790 3582; baseline -0.005 -22"><span class='ocrx_word' id='word_1_248' title='bbox 327 3479 465 3560; x_wconf 85' lang='lat' dir='ltr'>fuit</span> <span class='ocrx_word' id='word_1_249' title='bbox 522 3483 758 3582; x_wconf 78' lang='lat' dir='ltr'>regula</span> <span class='ocrx_word' id='word_1_250' title='bbox 811 3506 942 3580; x_wconf 86' lang='lat' dir='ltr'>pro</span> <span class='ocrx_word' id='word_1_251' title='bbox 1000 3476 1394 3558; x_wconf 74' lang='lat' dir='ltr'>aestimanda</span> <span class='ocrx_word' id='word_1_252' title='bbox 1447 3478 1811 3554; x_wconf 86' lang='lat' dir='ltr'>altitudine</span> <span class='ocrx_word' id='word_1_253' title='bbox 1870 3480 2129 3554; x_wconf 87' lang='lat' dir='ltr'>montis</span> <span class='ocrx_word' id='word_1_254' title='bbox 2196 3503 2285 3554; x_wconf 85' lang='lat' dir='ltr'>ex</span> <span class='ocrx_word' id='word_1_255' title='bbox 2338 3483 2521 3574; x_wconf 55' lang='lat' dir='ltr'>data⁴</span> <span class='ocrx_word' id='word_1_256' title='bbox 2555 3482 2790 3554; x_wconf 82' lang='lat' dir='ltr'>altitu.</span> 
     </span>
     <span class='ocr_line' id='line_1_34' title="bbox 332 3579 2790 3760; baseline -0.002 -101"><span class='ocrx_word' id='word_1_257' title='bbox 332 3584 494 3663; x_wconf 84' lang='lat' dir='ltr'>dine</span> <span class='ocrx_word' id='word_1_258' title='bbox 542 3585 771 3662; x_wconf 85' lang='lat' dir='ltr'>media</span> <span class='ocrx_word' id='word_1_259' title='bbox 818 3582 1144 3662; x_wconf 86' lang='lat' dir='ltr'>mercurii</span> <span class='ocrx_word' id='word_1_260' title='bbox 1183 3582 1259 3657; x_wconf 87' lang='lat' dir='ltr'>in</span> <span class='ocrx_word' id='word_1_261' title='bbox 1299 3581 1750 3760; x_wconf 61' lang='lat' dir='ltr'>Barogietro,</span> <span class='ocrx_word' id='word_1_262' title='bbox 1824 3584 1891 3657; x_wconf 85' lang='lat'>&amp;</span> <span class='ocrx_word' id='word_1_263' title='bbox 1940 3607 2026 3656; x_wconf 79' lang='lat' dir='ltr'>ex</span> <span class='ocrx_word' id='word_1_264' title='bbox 2087 3581 2251 3658; x_wconf 81' lang='lat' dir='ltr'>dato</span> <span class='ocrx_word' id='word_1_265' title='bbox 2296 3585 2517 3683; x_wconf 81' lang='lat' dir='ltr'>gradu</span> <span class='ocrx_word' id='word_1_266' title='bbox 2553 3579 2790 3656; x_wconf 71' lang='lat' dir='ltr'>Ther-</span> 
     </span>
    </p>

    <p class='ocr_par' dir='ltr' id='par_1_11' title="bbox 1579 3697 2791 3774">
     <span class='ocr_line' id='line_1_35' title="bbox 1579 3697 2791 3774; baseline 0.001 -17"><span class='ocrx_word' id='word_1_267' title='bbox 1579 3697 1618 3774; x_wconf 83' lang='lat'><strong>3</strong></span> <span class='ocrx_word' id='word_1_268' title='bbox 2520 3704 2791 3758; x_wconf 80' lang='lat' dir='ltr'>mome-</span> 
     </span>
    </p>
   </div>
   <div class='ocr_carea' id='block_1_8' title="bbox 324 3931 2851 4110">
    <p class='ocr_par' dir='ltr' id='par_1_12' title="bbox 324 3931 2851 4110">
     <span class='ocr_line' id='line_1_36' title="bbox 324 3931 2851 4039; baseline -0.003 -17"><span class='ocrx_word' id='word_1_269' title='bbox 324 3961 419 4039; x_wconf 70' lang='grc' dir='ltr'>(γ)</span> <span class='ocrx_word' id='word_1_270' title='bbox 457 3959 538 4021; x_wconf 84' lang='lat' dir='ltr'>De</span> <span class='ocrx_word' id='word_1_271' title='bbox 570 3960 836 4020; x_wconf 71' lang='lat' dir='ltr'>methodis</span> <span class='ocrx_word' id='word_1_272' title='bbox 867 3963 1130 4021; x_wconf 77' lang='lat' dir='ltr'>montium</span> <span class='ocrx_word' id='word_1_273' title='bbox 1160 3959 1470 4020; x_wconf 77' lang='lat' dir='ltr'>altitudines</span> <span class='ocrx_word' id='word_1_274' title='bbox 1500 3957 1775 4018; x_wconf 72' lang='lat' dir='ltr'>metiendi.</span> <span class='ocrx_word' id='word_1_275' title='bbox 1846 3933 2197 4018; x_wconf 68' lang='lat' dir='ltr'>vriitislaviae.</span> <span class='ocrx_word' id='word_1_276' title='bbox 2236 3965 2297 4022; x_wconf 78' lang='lat'>8,</span> <span class='ocrx_word' id='word_1_277' title='bbox 2338 3931 2702 4030; x_wconf 68' lang='lat' dir='ltr'>exponuntur</span> <span class='ocrx_word' id='word_1_278' title='bbox 2724 3955 2781 4012; x_wconf 69' lang='grc' dir='ltr'>δι</span> <span class='ocrx_word' id='word_1_279' title='bbox 2846 3988 2851 3994; x_wconf 95' lang='grc'><strong>-</strong></span> 
     </span>
     <span class='ocr_line' id='line_1_37' title="bbox 469 4032 2653 4110; baseline -0.004 -18"><span class='ocrx_word' id='word_1_280' title='bbox 469 4035 799 4108; x_wconf 71' lang='lat' dir='ltr'>operationes</span> <span class='ocrx_word' id='word_1_281' title='bbox 825 4036 1308 4110; x_wconf 73' lang='lat' dir='ltr'>trigouomettieae,</span> <span class='ocrx_word' id='word_1_282' title='bbox 1345 4037 1400 4092; x_wconf 73' lang='grc' dir='ltr'>δι</span> <span class='ocrx_word' id='word_1_283' title='bbox 1426 4051 1498 4094; x_wconf 79' lang='lat' dir='ltr'>eae</span> <span class='ocrx_word' id='word_1_284' title='bbox 1535 4051 1634 4105; x_wconf 75' lang='lat' dir='ltr'>ope</span> <span class='ocrx_word' id='word_1_285' title='bbox 1675 4032 1989 4090; x_wconf 68' lang='lat' dir='ltr'>aaronem.</span> <span class='ocrx_word' id='word_1_286' title='bbox 2648 4060 2653 4068; x_wconf 92' lang='lat'><em>-</em></span> 
     </span>
    </p>
   </div>
  </div>
 </body>
</html>
