<?xml version="1.0" encoding="UTF-8"?>
<!DOCTYPE html PUBLIC "-//W3C//DTD XHTML 1.0 Transitional//EN"
    "http://www.w3.org/TR/xhtml1/DTD/xhtml1-transitional.dtd">
<html xmlns="http://www.w3.org/1999/xhtml" xml:lang="en" lang="en">
 <head>
  <title>
</title>
<meta http-equiv="Content-Type" content="text/html;charset=utf-8" />
  <meta name='ocr-system' content='tesseract 3.04.00' />
  <meta name='ocr-capabilities' content='ocr_page ocr_carea ocr_par ocr_line ocrx_word'/>
</head>
<body>
  <div class='ocr_page' id='page_1' title='image "./dissertationisp00schigoog_0017.png"; bbox 0 0 3400 4725; ppageno 0'>
   <div class='ocr_carea' id='block_1_1' title="bbox 1562 292 2943 394">
    <p class='ocr_par' dir='ltr' id='par_1_1' title="bbox 1562 292 2943 394">
     <span class='ocr_line' id='line_1_1' title="bbox 1562 292 2943 394; baseline 0.003 -4"><span class='ocrx_word' id='word_1_1' title='bbox 1562 292 1901 393; x_wconf 82' lang='lat'>)0(</span> <span class='ocrx_word' id='word_1_2' title='bbox 2886 308 2943 394; x_wconf 79' lang='lat'><strong>7</strong></span> 
     </span>
    </p>
   </div>
   <div class='ocr_carea' id='block_1_2' title="bbox 447 496 3301 1993">
    <p class='ocr_par' dir='ltr' id='par_1_2' title="bbox 459 496 3033 1087">
     <span class='ocr_line' id='line_1_2' title="bbox 460 496 2931 595; baseline -0.003 -19"><span class='ocrx_word' id='word_1_3' title='bbox 460 526 607 583; x_wconf 90' lang='lat' dir='ltr'>nes,</span> <span class='ocrx_word' id='word_1_4' title='bbox 669 520 976 595; x_wconf 79' lang='lat' dir='ltr'>ortaeque</span> <span class='ocrx_word' id='word_1_5' title='bbox 1023 500 1568 581; x_wconf 77' lang='lat' dir='ltr'><strong>exundationes,</strong></span> <span class='ocrx_word' id='word_1_6' title='bbox 1629 504 1696 575; x_wconf 84' lang='lat'>&amp;</span> <span class='ocrx_word' id='word_1_7' title='bbox 1748 499 2053 573; x_wconf 77' lang='lat' dir='ltr'>minima:</span> <span class='ocrx_word' id='word_1_8' title='bbox 2088 496 2486 573; x_wconf 76' lang='lat' dir='ltr'>altitudines</span> <span class='ocrx_word' id='word_1_9' title='bbox 2540 496 2816 569; x_wconf 87' lang='lat' dir='ltr'>lacuum</span> <span class='ocrx_word' id='word_1_10' title='bbox 2862 500 2931 569; x_wconf 68' lang='lat' dir='ltr'>Bc</span> 
     </span>
     <span class='ocr_line' id='line_1_3' title="bbox 461 591 2933 688; baseline -0.003 -11"><span class='ocrx_word' id='word_1_11' title='bbox 461 602 842 677; x_wconf 84' lang='lat' dir='ltr'>fluviorum</span> <span class='ocrx_word' id='word_1_12' title='bbox 870 632 892 688; x_wconf 79' lang='lat'>3</span> <span class='ocrx_word' id='word_1_13' title='bbox 967 598 1186 677; x_wconf 67' lang='lat' dir='ltr'>causa:</span> <span class='ocrx_word' id='word_1_14' title='bbox 1233 598 1694 675; x_wconf 88' lang='lat' dir='ltr'>variationum</span> <span class='ocrx_word' id='word_1_15' title='bbox 1746 597 2043 673; x_wconf 83' lang='lat' dir='ltr'>harum:</span> <span class='ocrx_word' id='word_1_16' title='bbox 2134 596 2481 671; x_wconf 84' lang='lat' dir='ltr'>iudicatur</span> <span class='ocrx_word' id='word_1_17' title='bbox 2532 618 2621 668; x_wconf 93' lang='lat' dir='ltr'>an</span> <span class='ocrx_word' id='word_1_18' title='bbox 2670 591 2933 670; x_wconf 63' lang='lat' dir='ltr'>fundus</span> 
     </span>
     <span class='ocr_line' id='line_1_4' title="bbox 459 695 3033 798; baseline -0.006 -20"><span class='ocrx_word' id='word_1_19' title='bbox 459 700 706 778; x_wconf 73' lang='lat' dir='ltr'>sensim</span> <span class='ocrx_word' id='word_1_20' title='bbox 759 706 1113 780; x_wconf 84' lang='lat' dir='ltr'>attollatur</span> <span class='ocrx_word' id='word_1_21' title='bbox 1162 704 1271 779; x_wconf 87' lang='lat' dir='ltr'>vel</span> <span class='ocrx_word' id='word_1_22' title='bbox 1321 702 1536 798; x_wconf 84' lang='lat' dir='ltr'>magis</span> <span class='ocrx_word' id='word_1_23' title='bbox 1583 722 2009 786; x_wconf 67' lang='lat' dir='ltr'>excavetur,</span> <span class='ocrx_word' id='word_1_24' title='bbox 2086 725 2174 776; x_wconf 90' lang='lat' dir='ltr'>an</span> <span class='ocrx_word' id='word_1_25' title='bbox 2217 698 2507 774; x_wconf 62' lang='lat' dir='ltr'>directio</span> <span class='ocrx_word' id='word_1_26' title='bbox 2564 698 2630 773; x_wconf 69' lang='lat' dir='ltr'>dt</span> <span class='ocrx_word' id='word_1_27' title='bbox 2686 695 2929 771; x_wconf 85' lang='lat' dir='ltr'>decur-</span> <span class='ocrx_word' id='word_1_28' title='bbox 3026 756 3033 763; x_wconf 92' lang='lat'><em>.</em></span> 
     </span>
     <span class='ocr_line' id='line_1_5' title="bbox 461 796 2928 899; baseline -0.002 -22"><span class='ocrx_word' id='word_1_29' title='bbox 461 802 576 880; x_wconf 88' lang='lat' dir='ltr'>sus</span> <span class='ocrx_word' id='word_1_30' title='bbox 629 801 893 899; x_wconf 83' lang='lat' dir='ltr'><strong>semper</strong></span> <span class='ocrx_word' id='word_1_31' title='bbox 949 806 1028 881; x_wconf 85' lang='lat' dir='ltr'>sit</span> <span class='ocrx_word' id='word_1_32' title='bbox 1083 807 1308 890; x_wconf 87' lang='lat' dir='ltr'>idem,</span> <span class='ocrx_word' id='word_1_33' title='bbox 1389 832 1476 879; x_wconf 85' lang='lat' dir='ltr'>an</span> <span class='ocrx_word' id='word_1_34' title='bbox 1545 831 1715 879; x_wconf 83' lang='lat' dir='ltr'>vero</span> <span class='ocrx_word' id='word_1_35' title='bbox 1787 821 2100 879; x_wconf 85' lang='lat' dir='ltr'>mutatus</span> <span class='ocrx_word' id='word_1_36' title='bbox 2160 800 2417 885; x_wconf 87' lang='lat' dir='ltr'>fuerit,</span> <span class='ocrx_word' id='word_1_37' title='bbox 2516 817 2638 873; x_wconf 82' lang='lat' dir='ltr'>aut</span> <span class='ocrx_word' id='word_1_38' title='bbox 2694 796 2928 871; x_wconf 88' lang='lat' dir='ltr'>adhuc</span> 
     </span>
     <span class='ocr_line' id='line_1_6' title="bbox 460 898 2926 1003; baseline -0.002 -27"><span class='ocrx_word' id='word_1_39' title='bbox 460 924 818 991; x_wconf 79' lang='lat' dir='ltr'>mutetut··;</span> <span class='ocrx_word' id='word_1_40' title='bbox 901 908 1127 1003; x_wconf 85' lang='lat' dir='ltr'>qualia</span> <span class='ocrx_word' id='word_1_41' title='bbox 1181 904 1315 980; x_wconf 82' lang='lat' dir='ltr'>fint</span> <span class='ocrx_word' id='word_1_42' title='bbox 1372 906 1647 987; x_wconf 84' lang='lat' dir='ltr'>littora;</span> <span class='ocrx_word' id='word_1_43' title='bbox 1728 910 1792 980; x_wconf 73' lang='grc' dir='ltr'>δι</span> <span class='ocrx_word' id='word_1_44' title='bbox 1854 902 1902 977; x_wconf 78' lang='lat' dir='ltr'>ss</span> <span class='ocrx_word' id='word_1_45' title='bbox 1946 903 2074 977; x_wconf 82' lang='lat' dir='ltr'>alia</span> <span class='ocrx_word' id='word_1_46' title='bbox 2123 902 2355 977; x_wconf 85' lang='lat' dir='ltr'>adhuc</span> <span class='ocrx_word' id='word_1_47' title='bbox 2406 918 2659 974; x_wconf 88' lang='lat' dir='ltr'>notatu</span> <span class='ocrx_word' id='word_1_48' title='bbox 2712 898 2926 994; x_wconf 81' lang='lat' dir='ltr'>digna</span> 
     </span>
     <span class='ocr_line' id='line_1_7' title="bbox 459 1029 861 1087; baseline 0.017 -8"><span class='ocrx_word' id='word_1_49' title='bbox 459 1029 861 1087; x_wconf 78' lang='lat' dir='ltr'>occurrunt.</span> 
     </span>
    </p>

    <p class='ocr_par' dir='ltr' id='par_1_3' title="bbox 451 1097 2989 1401">
     <span class='ocr_line' id='line_1_8' title="bbox 664 1097 2920 1205; baseline -0.004 -22"><span class='ocrx_word' id='word_1_50' title='bbox 664 1109 999 1205; x_wconf 81' lang='lat' dir='ltr'><strong>Regionis</strong></span> <span class='ocrx_word' id='word_1_51' title='bbox 1051 1108 1338 1201; x_wconf 88' lang='lat' dir='ltr'>alicujus</span> <span class='ocrx_word' id='word_1_52' title='bbox 1391 1109 1717 1187; x_wconf 83' lang='lat' dir='ltr'><strong>Montes,</strong></span> <span class='ocrx_word' id='word_1_53' title='bbox 1820 1129 2067 1179; x_wconf 90' lang='lat' dir='ltr'>eorum</span> <span class='ocrx_word' id='word_1_54' title='bbox 2124 1103 2210 1177; x_wconf 87' lang='lat' dir='ltr'>ad</span> <span class='ocrx_word' id='word_1_55' title='bbox 2270 1102 2423 1176; x_wconf 86' lang='lat' dir='ltr'>loca</span> <span class='ocrx_word' id='word_1_56' title='bbox 2494 1097 2920 1195; x_wconf 72' lang='lat' dir='ltr'>subjacentia</span> 
     </span>
     <span class='ocr_line' id='line_1_9' title="bbox 453 1197 2989 1302; baseline -0.001 -20"><span class='ocrx_word' id='word_1_57' title='bbox 453 1206 671 1291; x_wconf 82' lang='lat' dir='ltr'>fitus,</span> <span class='ocrx_word' id='word_1_58' title='bbox 729 1210 889 1282; x_wconf 87' lang='lat' dir='ltr'>inde</span> <span class='ocrx_word' id='word_1_59' title='bbox 924 1205 1435 1302; x_wconf 84' lang='lat' dir='ltr'>circumscripta</span> <span class='ocrx_word' id='word_1_60' title='bbox 1486 1207 1685 1279; x_wconf 84' lang='lat' dir='ltr'>vallis</span> <span class='ocrx_word' id='word_1_61' title='bbox 1728 1201 1998 1299; x_wconf 64' lang='lat' dir='ltr'>figura,</span> <span class='ocrx_word' id='word_1_62' title='bbox 2052 1203 2473 1299; x_wconf 87' lang='lat' dir='ltr'>quibusnam</span> <span class='ocrx_word' id='word_1_63' title='bbox 2522 1201 2750 1275; x_wconf 88' lang='lat' dir='ltr'>ventis</span> <span class='ocrx_word' id='word_1_64' title='bbox 2791 1197 2913 1295; x_wconf 75' lang='lat' dir='ltr'>ipsi</span> <span class='ocrx_word' id='word_1_65' title='bbox 2984 1276 2989 1279; x_wconf 84' lang='lat'>.</span> 
     </span>
     <span class='ocr_line' id='line_1_10' title="bbox 451 1301 2792 1401; baseline -0.002 -20"><span class='ocrx_word' id='word_1_66' title='bbox 451 1308 530 1381; x_wconf 87' lang='lat' dir='ltr'>hi</span> <span class='ocrx_word' id='word_1_67' title='bbox 599 1331 875 1382; x_wconf 87' lang='lat' dir='ltr'>montes</span> <span class='ocrx_word' id='word_1_68' title='bbox 933 1309 1018 1380; x_wconf 82' lang='lat' dir='ltr'>ad</span> <span class='ocrx_word' id='word_1_69' title='bbox 1065 1308 1295 1381; x_wconf 90' lang='lat' dir='ltr'>locum</span> <span class='ocrx_word' id='word_1_70' title='bbox 1349 1309 1645 1401; x_wconf 85' lang='lat' dir='ltr'>aliquem</span> <span class='ocrx_word' id='word_1_71' title='bbox 1697 1302 1964 1379; x_wconf 85' lang='lat' dir='ltr'>facilem</span> <span class='ocrx_word' id='word_1_72' title='bbox 2010 1301 2335 1379; x_wconf 73' lang='lat' dir='ltr'>access&#39;um</span> <span class='ocrx_word' id='word_1_73' title='bbox 2388 1301 2792 1377; x_wconf 84' lang='lat' dir='ltr'>concedant.</span> 
     </span>
    </p>

    <p class='ocr_par' dir='ltr' id='par_1_4' title="bbox 447 1394 3301 1707">
     <span class='ocr_line' id='line_1_11' title="bbox 664 1394 3301 1502; baseline -0.003 -17"><span class='ocrx_word' id='word_1_74' title='bbox 664 1410 807 1485; x_wconf 91' lang='lat' dir='ltr'>Soli</span> <span class='ocrx_word' id='word_1_75' title='bbox 870 1409 1168 1502; x_wconf 78' lang='lat' dir='ltr'>regionis</span> <span class='ocrx_word' id='word_1_76' title='bbox 1230 1406 1692 1483; x_wconf 70' lang='lat' dir='ltr'>describendae</span> <span class='ocrx_word' id='word_1_77' title='bbox 1768 1427 2015 1481; x_wconf 84' lang='lat' dir='ltr'>natura</span> <span class='ocrx_word' id='word_1_78' title='bbox 2080 1410 2145 1480; x_wconf 74' lang='grc' dir='ltr'>δι</span> <span class='ocrx_word' id='word_1_79' title='bbox 2224 1401 2389 1478; x_wconf 82' lang='lat' dir='ltr'>usus</span> <span class='ocrx_word' id='word_1_80' title='bbox 2461 1403 2546 1476; x_wconf 91' lang='lat' dir='ltr'>ad</span> <span class='ocrx_word' id='word_1_81' title='bbox 2618 1400 2909 1497; x_wconf 80' lang='lat' dir='ltr'>pascua,</span> <span class='ocrx_word' id='word_1_82' title='bbox 2971 1394 3089 1455; x_wconf 67' lang='lat'>⁸⁰¹³</span> <span class='ocrx_word' id='word_1_83' title='bbox 3117 1403 3301 1453; x_wconf 56' lang='lat' dir='ltr'>mim·</span> 
     </span>
     <span class='ocr_line' id='line_1_12' title="bbox 452 1502 3183 1605; baseline -0.001 -24"><span class='ocrx_word' id='word_1_84' title='bbox 452 1529 694 1605; x_wconf 83' lang='lat' dir='ltr'>prata,</span> <span class='ocrx_word' id='word_1_85' title='bbox 751 1512 1100 1605; x_wconf 87' lang='lat' dir='ltr'>pomaria,</span> <span class='ocrx_word' id='word_1_86' title='bbox 1160 1536 1302 1583; x_wconf 84' lang='lat' dir='ltr'>rem</span> <span class='ocrx_word' id='word_1_87' title='bbox 1356 1508 1915 1591; x_wconf 66' lang='lat' dir='ltr'>frumentariam,</span> <span class='ocrx_word' id='word_1_88' title='bbox 1972 1509 2132 1581; x_wconf 87' lang='lat' dir='ltr'>vitis</span> <span class='ocrx_word' id='word_1_89' title='bbox 2186 1507 2576 1589; x_wconf 82' lang='lat' dir='ltr'>culturam,</span> <span class='ocrx_word' id='word_1_90' title='bbox 2631 1502 2905 1599; x_wconf 76' lang='lat' dir='ltr'>sylvas,</span> <span class='ocrx_word' id='word_1_91' title='bbox 3161 1509 3183 1524; x_wconf 81' lang='lat'><strong><em>‘</em></strong></span> 
     </span>
     <span class='ocr_line' id='line_1_13' title="bbox 447 1607 2181 1707; baseline -0.005 -21"><span class='ocrx_word' id='word_1_92' title='bbox 447 1611 562 1686; x_wconf 79' lang='lat' dir='ltr'>vel</span> <span class='ocrx_word' id='word_1_93' title='bbox 615 1611 699 1683; x_wconf 89' lang='lat' dir='ltr'>ad</span> <span class='ocrx_word' id='word_1_94' title='bbox 747 1637 957 1707; x_wconf 92' lang='lat' dir='ltr'>quem</span> <span class='ocrx_word' id='word_1_95' title='bbox 1009 1611 1218 1685; x_wconf 87' lang='lat' dir='ltr'>alium</span> <span class='ocrx_word' id='word_1_96' title='bbox 1271 1607 1471 1685; x_wconf 82' lang='lat' dir='ltr'>usum</span> <span class='ocrx_word' id='word_1_97' title='bbox 1519 1610 1781 1705; x_wconf 84' lang='lat' dir='ltr'>optime</span> <span class='ocrx_word' id='word_1_98' title='bbox 1820 1608 2181 1682; x_wconf 87' lang='lat' dir='ltr'>conducat.</span> 
     </span>
    </p>

    <p class='ocr_par' dir='ltr' id='par_1_5' title="bbox 447 1704 2903 1993">
     <span class='ocr_line' id='line_1_14' title="bbox 657 1704 2900 1811; baseline -0.003 -24"><span class='ocrx_word' id='word_1_99' title='bbox 657 1716 828 1788; x_wconf 76' lang='lat' dir='ltr'>Haec</span> <span class='ocrx_word' id='word_1_100' title='bbox 883 1713 1342 1811; x_wconf 84' lang='lat' dir='ltr'>geographica</span> <span class='ocrx_word' id='word_1_101' title='bbox 1402 1740 1563 1789; x_wconf 92' lang='lat' dir='ltr'>cum</span> <span class='ocrx_word' id='word_1_102' title='bbox 1623 1712 1896 1808; x_wconf 81' lang='lat' dir='ltr'>Mappis</span> <span class='ocrx_word' id='word_1_103' title='bbox 1960 1708 2305 1808; x_wconf 85' lang='lat' dir='ltr'>regionis,</span> <span class='ocrx_word' id='word_1_104' title='bbox 2398 1704 2447 1782; x_wconf 85' lang='lat' dir='ltr'>fi</span> <span class='ocrx_word' id='word_1_105' title='bbox 2506 1704 2900 1791; x_wconf 82' lang='lat' dir='ltr'>adfuerint,</span> 
     </span>
     <span class='ocr_line' id='line_1_15' title="bbox 447 1804 2903 1990; baseline -0.003 -100"><span class='ocrx_word' id='word_1_106' title='bbox 447 1815 913 1990; x_wconf 58' lang='lat' dir='ltr'>compara&#39;dda</span> <span class='ocrx_word' id='word_1_107' title='bbox 952 1813 1156 1903; x_wconf 88' lang='lat' dir='ltr'>suut,</span> <span class='ocrx_word' id='word_1_108' title='bbox 1247 1819 1312 1891; x_wconf 68' lang='grc' dir='ltr'>ἃ</span> <span class='ocrx_word' id='word_1_109' title='bbox 1367 1841 1524 1913; x_wconf 79' lang='lat' dir='ltr'>quae</span> <span class='ocrx_word' id='word_1_110' title='bbox 1568 1815 1641 1889; x_wconf 87' lang='lat' dir='ltr'>in</span> <span class='ocrx_word' id='word_1_111' title='bbox 1689 1812 1800 1889; x_wconf 86' lang='lat' dir='ltr'>his</span> <span class='ocrx_word' id='word_1_112' title='bbox 1842 1814 2074 1888; x_wconf 88' lang='lat' dir='ltr'>minus</span> <span class='ocrx_word' id='word_1_113' title='bbox 2128 1815 2313 1886; x_wconf 67' lang='lat' dir='ltr'>redte</span> <span class='ocrx_word' id='word_1_114' title='bbox 2352 1807 2653 1908; x_wconf 81' lang='lat' dir='ltr'>expreffa</span> <span class='ocrx_word' id='word_1_115' title='bbox 2698 1804 2903 1891; x_wconf 84' lang='lat' dir='ltr'>sunt,</span> 
     </span>
     <span class='ocr_line' id='line_1_16' title="bbox 447 1917 893 1993; baseline 0.002 -1"><span class='ocrx_word' id='word_1_116' title='bbox 447 1917 780 1993; x_wconf 84' lang='lat' dir='ltr'>emendan</span> <span class='ocrx_word' id='word_1_117' title='bbox 833 1942 893 1993; x_wconf 87' lang='lat' dir='ltr'>a.</span> 
     </span>
    </p>
   </div>
   <div class='ocr_carea' id='block_1_3' title="bbox 3031 1067 3261 1126">
    <p class='ocr_par' dir='ltr' id='par_1_6' title="bbox 3031 1067 3261 1126">
     <span class='ocr_line' id='line_1_17' title="bbox 3031 1067 3261 1126; baseline -0.004 0"><span class='ocrx_word' id='word_1_118' title='bbox 3031 1067 3261 1126; x_wconf 73' lang='lat' dir='ltr'>Montes.</span> 
     </span>
    </p>
   </div>
   <div class='ocr_carea' id='block_1_4' title="bbox 447 2077 3388 2411">
    <p class='ocr_par' dir='ltr' id='par_1_7' title="bbox 447 2077 3388 2411">
     <span class='ocr_line' id='line_1_18' title="bbox 1621 2077 1791 2165; baseline -0.018 -5"><span class='ocrx_word' id='word_1_119' title='bbox 1621 2138 1638 2160; x_wconf 90' lang='lat'><strong>.</strong></span> <span class='ocrx_word' id='word_1_120' title='bbox 1697 2077 1791 2165; x_wconf 80' lang='lat' dir='ltr'>V,</span> 
     </span>
     <span class='ocr_line' id='line_1_19' title="bbox 647 2090 3388 2308; baseline 0.001 -25"><span class='ocrx_word' id='word_1_121' title='bbox 647 2208 859 2283; x_wconf 85' lang='lat' dir='ltr'>Vatia</span> <span class='ocrx_word' id='word_1_122' title='bbox 913 2190 1148 2284; x_wconf 80' lang='lat' dir='ltr'>autem</span> <span class='ocrx_word' id='word_1_123' title='bbox 1207 2232 1295 2284; x_wconf 86' lang='lat' dir='ltr'>ex</span> <span class='ocrx_word' id='word_1_124' title='bbox 1363 2210 1473 2285; x_wconf 87' lang='lat' dir='ltr'>his</span> <span class='ocrx_word' id='word_1_125' title='bbox 1524 2090 1975 2286; x_wconf 56' lang='lat' dir='ltr'>observandis</span> <span class='ocrx_word' id='word_1_126' title='bbox 2018 2214 2217 2287; x_wconf 68' lang='lat' dir='ltr'>dictis</span> <span class='ocrx_word' id='word_1_127' title='bbox 2276 2210 2505 2305; x_wconf 79' lang='grc'><strong>(8.4)</strong></span> <span class='ocrx_word' id='word_1_128' title='bbox 2560 2208 2901 2308; x_wconf 83' lang='lat' dir='ltr'>figillatim</span> <span class='ocrx_word' id='word_1_129' title='bbox 3386 2298 3388 2303; x_wconf 89' lang='lat'><em>.</em></span> 
     </span>
     <span class='ocr_line' id='line_1_20' title="bbox 447 2306 3388 2411; baseline -0.006 -19"><span class='ocrx_word' id='word_1_130' title='bbox 447 2316 516 2392; x_wconf 84' lang='lat'>&amp;</span> <span class='ocrx_word' id='word_1_131' title='bbox 554 2312 758 2389; x_wconf 89' lang='lat' dir='ltr'>latius</span> <span class='ocrx_word' id='word_1_132' title='bbox 808 2308 1278 2410; x_wconf 85' lang='lat' dir='ltr'>persequenda</span> <span class='ocrx_word' id='word_1_133' title='bbox 1321 2308 1504 2392; x_wconf 85' lang='lat' dir='ltr'>sunt.</span> <span class='ocrx_word' id='word_1_134' title='bbox 1611 2314 1702 2390; x_wconf 87' lang='lat' dir='ltr'>Et</span> <span class='ocrx_word' id='word_1_135' title='bbox 1745 2314 2025 2411; x_wconf 86' lang='lat' dir='ltr'>quidem</span> <span class='ocrx_word' id='word_1_136' title='bbox 2960 2313 3270 2396; x_wconf 76' lang='lat' dir='ltr'>Exploratio</span> <span class='ocrx_word' id='word_1_137' title='bbox 3386 2306 3388 2317; x_wconf 70' lang='lat'>²</span> 
     </span>
    </p>
   </div>
   <div class='ocr_carea' id='block_1_5' title="bbox 2976 2411 3267 2470">
    <p class='ocr_par' dir='ltr' id='par_1_8' title="bbox 2976 2411 3267 2470">
     <span class='ocr_line' id='line_1_21' title="bbox 2976 2411 3267 2470; baseline -0.017 -15"><span class='ocrx_word' id='word_1_138' title='bbox 2976 2411 3231 2470; x_wconf 77' lang='lat' dir='ltr'>aquarum</span> <span class='ocrx_word' id='word_1_139' title='bbox 3248 2430 3267 2459; x_wconf 91' lang='lat'>,</span> 
     </span>
    </p>
   </div>
   <div class='ocr_carea' id='block_1_6' title="bbox 642 2416 3302 2540">
    <p class='ocr_par' dir='ltr' id='par_1_9' title="bbox 642 2416 3302 2540">
     <span class='ocr_line' id='line_1_22' title="bbox 642 2416 3302 2540; baseline 0.002 -50"><span class='ocrx_word' id='word_1_140' title='bbox 642 2421 854 2512; x_wconf 79' lang='lat' dir='ltr'>Aquae</span> <span class='ocrx_word' id='word_1_141' title='bbox 893 2422 1178 2512; x_wconf 79' lang='lat' dir='ltr'>regionis</span> <span class='ocrx_word' id='word_1_142' title='bbox 1249 2416 1540 2509; x_wconf 79' lang='lat' dir='ltr'>alicujus</span> <span class='ocrx_word' id='word_1_143' title='bbox 1591 2419 1975 2492; x_wconf 78' lang='lat' dir='ltr'>accuratius</span> <span class='ocrx_word' id='word_1_144' title='bbox 2020 2418 2554 2493; x_wconf 72' lang='lat' dir='ltr'>examinanturt</span> <span class='ocrx_word' id='word_1_145' title='bbox 2609 2442 2697 2492; x_wconf 87' lang='lat' dir='ltr'>an</span> <span class='ocrx_word' id='word_1_146' title='bbox 2723 2419 2903 2514; x_wconf 77' lang='lat' dir='ltr'>stag·</span> <span class='ocrx_word' id='word_1_147' title='bbox 2958 2468 3302 2540; x_wconf 64' lang='lat' dir='ltr'>stagnantium</span> 
     </span>
    </p>
   </div>
   <div class='ocr_carea' id='block_1_7' title="bbox 435 2513 3376 4027">
    <p class='ocr_par' dir='ltr' id='par_1_10' title="bbox 437 2513 3354 2917">
     <span class='ocr_line' id='line_1_23' title="bbox 437 2513 2893 2614; baseline -0.001 -22"><span class='ocrx_word' id='word_1_148' title='bbox 437 2536 677 2592; x_wconf 66' lang='lat' dir='ltr'>nantes</span> <span class='ocrx_word' id='word_1_149' title='bbox 740 2519 977 2589; x_wconf 80' lang='lat' dir='ltr'>multae</span> <span class='ocrx_word' id='word_1_150' title='bbox 1043 2513 1301 2597; x_wconf 78' lang='lat' dir='ltr'>adsint,</span> <span class='ocrx_word' id='word_1_151' title='bbox 1380 2516 1680 2610; x_wconf 88' lang='lat' dir='ltr'>indeque</span> <span class='ocrx_word' id='word_1_152' title='bbox 1737 2517 1970 2611; x_wconf 82' lang='lat' dir='ltr'>stagna</span> <span class='ocrx_word' id='word_1_153' title='bbox 2025 2517 2408 2614; x_wconf 81' lang='lat' dir='ltr'>frequentia</span> <span class='ocrx_word' id='word_1_154' title='bbox 2458 2521 2754 2601; x_wconf 86' lang='lat' dir='ltr'>dentur,</span> <span class='ocrx_word' id='word_1_155' title='bbox 2829 2523 2893 2590; x_wconf 63' lang='lat'>8&lt;</span> 
     </span>
     <span class='ocr_line' id='line_1_24' title="bbox 441 2608 3354 2714; baseline 0 -25"><span class='ocrx_word' id='word_1_156' title='bbox 441 2616 770 2714; x_wconf 81' lang='lat' dir='ltr'>paludes:</span> <span class='ocrx_word' id='word_1_157' title='bbox 847 2639 935 2688; x_wconf 89' lang='lat' dir='ltr'>an</span> <span class='ocrx_word' id='word_1_158' title='bbox 977 2614 1206 2712; x_wconf 79' lang='lat' dir='ltr'>fontes</span> <span class='ocrx_word' id='word_1_159' title='bbox 1256 2613 1646 2690; x_wconf 83' lang='lat' dir='ltr'>habeantur</span> <span class='ocrx_word' id='word_1_160' title='bbox 1693 2620 1848 2709; x_wconf 85' lang='lat' dir='ltr'>puri</span> <span class='ocrx_word' id='word_1_161' title='bbox 1910 2616 1997 2691; x_wconf 87' lang='lat' dir='ltr'>ad</span> <span class='ocrx_word' id='word_1_162' title='bbox 2054 2617 2475 2693; x_wconf 81' lang='lat' dir='ltr'>neceffitates</span> <span class='ocrx_word' id='word_1_163' title='bbox 2525 2617 2895 2692; x_wconf 86' lang='lat' dir='ltr'>homiuum</span> <span class='ocrx_word' id='word_1_164' title='bbox 3009 2608 3271 2668; x_wconf 59' lang='lat' dir='ltr'>f0⁰⁸³¹¹0²</span> <span class='ocrx_word' id='word_1_165' title='bbox 3350 2659 3354 2666; x_wconf 93' lang='lat'>·</span> 
     </span>
     <span class='ocr_line' id='line_1_25' title="bbox 441 2714 2896 2817; baseline 0 -25"><span class='ocrx_word' id='word_1_166' title='bbox 441 2722 510 2793; x_wconf 71' lang='grc' dir='ltr'><strong>ἆ</strong></span> <span class='ocrx_word' id='word_1_167' title='bbox 550 2716 892 2812; x_wconf 85' lang='lat' dir='ltr'>pecudum</span> <span class='ocrx_word' id='word_1_168' title='bbox 942 2714 1042 2790; x_wconf 83' lang='lat' dir='ltr'>sat</span> <span class='ocrx_word' id='word_1_169' title='bbox 1091 2715 1342 2800; x_wconf 88' lang='lat' dir='ltr'>multi,</span> <span class='ocrx_word' id='word_1_170' title='bbox 1395 2716 1822 2812; x_wconf 73' lang='lat' dir='ltr'>aequabiliter</span> <span class='ocrx_word' id='word_1_171' title='bbox 1877 2719 1990 2792; x_wconf 88' lang='lat' dir='ltr'>vel</span> <span class='ocrx_word' id='word_1_172' title='bbox 2026 2720 2527 2817; x_wconf 67' lang='lat' dir='ltr'>inaequabiliter</span> <span class='ocrx_word' id='word_1_173' title='bbox 2564 2719 2896 2802; x_wconf 85' lang='lat' dir='ltr'>fluentes,</span> 
     </span>
     <span class='ocr_line' id='line_1_26' title="bbox 437 2817 2896 2917; baseline -0.001 -22"><span class='ocrx_word' id='word_1_174' title='bbox 437 2819 692 2916; x_wconf 82' lang='lat' dir='ltr'>jugiter</span> <span class='ocrx_word' id='word_1_175' title='bbox 730 2818 838 2893; x_wconf 90' lang='lat' dir='ltr'>vel</span> <span class='ocrx_word' id='word_1_176' title='bbox 871 2817 1259 2913; x_wconf 82' lang='lat' dir='ltr'>periodice:</span> <span class='ocrx_word' id='word_1_177' title='bbox 1314 2839 1401 2890; x_wconf 90' lang='lat' dir='ltr'>an</span> <span class='ocrx_word' id='word_1_178' title='bbox 1445 2841 1643 2912; x_wconf 76' lang='lat' dir='ltr'>aquae</span> <span class='ocrx_word' id='word_1_179' title='bbox 1664 2819 2007 2913; x_wconf 84' lang='lat' dir='ltr'>puteales,</span> <span class='ocrx_word' id='word_1_180' title='bbox 2070 2824 2133 2894; x_wconf 71' lang='grc' dir='ltr'>δι</span> <span class='ocrx_word' id='word_1_181' title='bbox 2163 2822 2398 2917; x_wconf 79' lang='lat' dir='ltr'>quales</span> <span class='ocrx_word' id='word_1_182' title='bbox 2429 2818 2537 2896; x_wconf 80' lang='lat' dir='ltr'>hae</span> <span class='ocrx_word' id='word_1_183' title='bbox 2566 2817 2715 2896; x_wconf 77' lang='lat' dir='ltr'>lint.</span> <span class='ocrx_word' id='word_1_184' title='bbox 2766 2840 2896 2894; x_wconf 87' lang='lat' dir='ltr'>eet.</span> 
     </span>
    </p>

    <p class='ocr_par' dir='ltr' id='par_1_11' title="bbox 435 2917 3376 3941">
     <span class='ocr_line' id='line_1_27' title="bbox 650 2917 3299 3020; baseline -0.001 -26"><span class='ocrx_word' id='word_1_185' title='bbox 650 2923 758 2994; x_wconf 85' lang='lat' dir='ltr'>An</span> <span class='ocrx_word' id='word_1_186' title='bbox 816 2945 1000 3013; x_wconf 63' lang='lat' dir='ltr'>aquae</span> <span class='ocrx_word' id='word_1_187' title='bbox 1049 2917 1398 2991; x_wconf 82' lang='lat' dir='ltr'>minerales</span> <span class='ocrx_word' id='word_1_188' title='bbox 1440 2919 2026 3014; x_wconf 77' lang='lat' dir='ltr'>dentur,&#39;eaeque</span> <span class='ocrx_word' id='word_1_189' title='bbox 2084 2923 2194 2996; x_wconf 88' lang='lat' dir='ltr'>vel</span> <span class='ocrx_word' id='word_1_190' title='bbox 2238 2923 2405 2995; x_wconf 88' lang='lat' dir='ltr'>olim</span> <span class='ocrx_word' id='word_1_191' title='bbox 2465 2921 2893 3020; x_wconf 62' lang='lat' dir='ltr'>dichespiri-</span> <span class='ocrx_word' id='word_1_192' title='bbox 2965 2931 3299 2996; x_wconf 67' lang='lat' dir='ltr'>minei-dian</span> 
     </span>
     <span class='ocr_line' id='line_1_28' title="bbox 443 3017 2896 3120; baseline -0.001 -24"><span class='ocrx_word' id='word_1_193' title='bbox 443 3017 676 3112; x_wconf 54' lang='grc' dir='ltr'>ἵησι-βε,</span> <span class='ocrx_word' id='word_1_194' title='bbox 753 3019 1069 3092; x_wconf 78' lang='lat' dir='ltr'>aethereae</span> <span class='ocrx_word' id='word_1_195' title='bbox 1119 3021 1186 3092; x_wconf 69' lang='grc' dir='ltr'><strong>ἆ</strong></span> <span class='ocrx_word' id='word_1_196' title='bbox 1230 3017 1480 3092; x_wconf 86' lang='lat' dir='ltr'>nostris</span> <span class='ocrx_word' id='word_1_197' title='bbox 1529 3018 1775 3094; x_wconf 91' lang='lat' dir='ltr'>diebus</span> <span class='ocrx_word' id='word_1_198' title='bbox 1818 3033 1971 3094; x_wconf 73' lang='lat' dir='ltr'>aere</span> <span class='ocrx_word' id='word_1_199' title='bbox 2023 3017 2170 3095; x_wconf 82' lang='lat' dir='ltr'>fixo</span> <span class='ocrx_word' id='word_1_200' title='bbox 2223 3023 2725 3120; x_wconf 73' lang='lat' dir='ltr'>inupraegnatae,</span> <span class='ocrx_word' id='word_1_201' title='bbox 2761 3021 2896 3096; x_wconf 63' lang='grc' dir='ltr'>,νεὶ</span> 
     </span>
     <span class='ocr_line' id='line_1_29' title="bbox 439 3117 2891 3217; baseline 0.002 -22"><span class='ocrx_word' id='word_1_202' title='bbox 439 3120 1109 3217; x_wconf 73' lang='lat' dir='ltr'>aquae&#39;acidulares,</span> <span class='ocrx_word' id='word_1_203' title='bbox 1191 3117 1399 3212; x_wconf 87' lang='lat' dir='ltr'>vique</span> <span class='ocrx_word' id='word_1_204' title='bbox 1467 3121 1690 3194; x_wconf 82' lang='lat' dir='ltr'>varias</span> <span class='ocrx_word' id='word_1_205' title='bbox 1762 3119 2079 3196; x_wconf 87' lang='lat' dir='ltr'>materias</span> <span class='ocrx_word' id='word_1_206' title='bbox 2143 3143 2440 3207; x_wconf 88' lang='lat' dir='ltr'>terreas,</span> <span class='ocrx_word' id='word_1_207' title='bbox 2521 3124 2891 3206; x_wconf 85' lang='lat' dir='ltr'>metallicas</span> 
     </span>
     <span class='ocr_line' id='line_1_30' title="bbox 436 3217 3376 3334; baseline 0.001 -39"><span class='ocrx_word' id='word_1_208' title='bbox 436 3219 753 3295; x_wconf 81' lang='lat' dir='ltr'>solvendi</span> <span class='ocrx_word' id='word_1_209' title='bbox 804 3221 1176 3316; x_wconf 83' lang='lat' dir='ltr'>pollentes:</span> <span class='ocrx_word' id='word_1_210' title='bbox 1234 3219 1346 3293; x_wconf 80' lang='lat' dir='ltr'>vel</span> <span class='ocrx_word' id='word_1_211' title='bbox 1384 3245 1472 3294; x_wconf 90' lang='lat' dir='ltr'>an</span> <span class='ocrx_word' id='word_1_212' title='bbox 1521 3217 1913 3298; x_wconf 87' lang='lat' dir='ltr'>habeantur</span> <span class='ocrx_word' id='word_1_213' title='bbox 1950 3246 2145 3316; x_wconf 82' lang='lat' dir='ltr'>aquae</span> <span class='ocrx_word' id='word_1_214' title='bbox 2181 3223 2443 3298; x_wconf 76' lang='lat' dir='ltr'>acidum</span> <span class='ocrx_word' id='word_1_215' title='bbox 2482 3225 2890 3301; x_wconf 82' lang='lat' dir='ltr'>vitriolicum</span> <span class='ocrx_word' id='word_1_216' title='bbox 2939 3266 3291 3334; x_wconf 66' lang='lat' dir='ltr'>heterogena</span> <span class='ocrx_word' id='word_1_217' title='bbox 3368 3259 3376 3276; x_wconf 92' lang='lat'><strong>·</strong></span> 
     </span>
     <span class='ocr_line' id='line_1_31' title="bbox 438 3320 3288 3422; baseline 0.005 -26"><span class='ocrx_word' id='word_1_218' title='bbox 438 3320 536 3413; x_wconf 59' lang='grc' dir='ltr'>ἓξ</span> <span class='ocrx_word' id='word_1_219' title='bbox 590 3330 927 3398; x_wconf 76' lang='lat' dir='ltr'>marinum</span> <span class='ocrx_word' id='word_1_220' title='bbox 980 3321 1363 3405; x_wconf 85' lang='lat' dir='ltr'>vehentes,</span> <span class='ocrx_word' id='word_1_221' title='bbox 1446 3323 1513 3397; x_wconf 88' lang='lat'>&amp;</span> <span class='ocrx_word' id='word_1_222' title='bbox 1560 3347 1693 3417; x_wconf 86' lang='lat' dir='ltr'>ope</span> <span class='ocrx_word' id='word_1_223' title='bbox 1745 3347 1992 3398; x_wconf 83' lang='lat' dir='ltr'>eorum</span> <span class='ocrx_word' id='word_1_224' title='bbox 2052 3323 2285 3400; x_wconf 86' lang='lat' dir='ltr'>itidem</span> <span class='ocrx_word' id='word_1_225' title='bbox 2332 3350 2627 3422; x_wconf 87' lang='lat' dir='ltr'>corpora</span> <span class='ocrx_word' id='word_1_226' title='bbox 2672 3330 2891 3404; x_wconf 85' lang='lat' dir='ltr'>mine-</span> <span class='ocrx_word' id='word_1_227' title='bbox 2935 3337 3173 3410; x_wconf 59' lang='grc' dir='ltr'>ἐπαφῆς</span> <span class='ocrx_word' id='word_1_228' title='bbox 3198 3333 3288 3390; x_wconf 67' lang='lat'>¹⁸²·</span> 
     </span>
     <span class='ocr_line' id='line_1_32' title="bbox 437 3405 3231 3525; baseline 0.002 -24"><span class='ocrx_word' id='word_1_229' title='bbox 437 3425 605 3501; x_wconf 79' lang='lat' dir='ltr'>ralia</span> <span class='ocrx_word' id='word_1_230' title='bbox 637 3420 983 3499; x_wconf 84' lang='lat' dir='ltr'>solventes</span> <span class='ocrx_word' id='word_1_231' title='bbox 1010 3474 1032 3508; x_wconf 93' lang='lat'>,</span> <span class='ocrx_word' id='word_1_232' title='bbox 1132 3439 1214 3496; x_wconf 84' lang='lat' dir='ltr'>ut</span> <span class='ocrx_word' id='word_1_233' title='bbox 1263 3419 1424 3496; x_wconf 86' lang='lat' dir='ltr'>inde</span> <span class='ocrx_word' id='word_1_234' title='bbox 1480 3421 1743 3496; x_wconf 80' lang='lat' dir='ltr'>acidum</span> <span class='ocrx_word' id='word_1_235' title='bbox 1788 3419 2227 3520; x_wconf 79' lang='lat' dir='ltr'>fidphureum</span> <span class='ocrx_word' id='word_1_236' title='bbox 2270 3427 2545 3503; x_wconf 75' lang='lat' dir='ltr'>volatile</span> <span class='ocrx_word' id='word_1_237' title='bbox 2585 3425 2886 3525; x_wconf 83' lang='lat' dir='ltr'>spirent,</span> <span class='ocrx_word' id='word_1_238' title='bbox 3052 3405 3231 3471; x_wconf 49' lang='grc' dir='ltr'>κω·</span> 
     </span>
     <span class='ocr_line' id='line_1_33' title="bbox 437 3521 2894 3626; baseline 0.004 -27"><span class='ocrx_word' id='word_1_239' title='bbox 437 3526 554 3600; x_wconf 82' lang='lat' dir='ltr'>vel</span> <span class='ocrx_word' id='word_1_240' title='bbox 597 3551 843 3620; x_wconf 82' lang='lat' dir='ltr'>verum</span> <span class='ocrx_word' id='word_1_241' title='bbox 885 3523 1005 3619; x_wconf 82' lang='lat' dir='ltr'>fid</span> <span class='ocrx_word' id='word_1_242' title='bbox 1049 3521 1218 3609; x_wconf 77' lang='lat' dir='ltr'>hur,</span> <span class='ocrx_word' id='word_1_243' title='bbox 1274 3544 1396 3599; x_wconf 89' lang='lat' dir='ltr'>aut</span> <span class='ocrx_word' id='word_1_244' title='bbox 1441 3525 1644 3598; x_wconf 88' lang='lat' dir='ltr'>etiam</span> <span class='ocrx_word' id='word_1_245' title='bbox 1697 3525 1845 3620; x_wconf 83' lang='lat' dir='ltr'>ejus</span> <span class='ocrx_word' id='word_1_246' title='bbox 1894 3524 2099 3624; x_wconf 68' lang='lat' dir='ltr'>hepar</span> <span class='ocrx_word' id='word_1_247' title='bbox 2152 3528 2569 3614; x_wconf 67' lang='lat' dir='ltr'>exhibeant,</span> <span class='ocrx_word' id='word_1_248' title='bbox 2623 3551 2747 3607; x_wconf 87' lang='lat' dir='ltr'>aut</span> <span class='ocrx_word' id='word_1_249' title='bbox 2775 3529 2894 3626; x_wconf 53' lang='lat' dir='ltr'><em>sce-4</em></span> 
     </span>
     <span class='ocr_line' id='line_1_34' title="bbox 435 3621 2893 3725; baseline 0.002 -23"><span class='ocrx_word' id='word_1_250' title='bbox 435 3625 532 3702; x_wconf 85' lang='lat' dir='ltr'>lia</span> <span class='ocrx_word' id='word_1_251' title='bbox 569 3625 908 3701; x_wconf 76' lang='lat' dir='ltr'>vitriolica</span> <span class='ocrx_word' id='word_1_252' title='bbox 992 3627 1338 3710; x_wconf 84' lang='lat' dir='ltr'>elenitica,</span> <span class='ocrx_word' id='word_1_253' title='bbox 1406 3621 1456 3700; x_wconf 80' lang='lat' dir='ltr'><strong>fi</strong></span> <span class='ocrx_word' id='word_1_254' title='bbox 1498 3622 1673 3700; x_wconf 75' lang='lat' dir='ltr'>baiis</span> <span class='ocrx_word' id='word_1_255' title='bbox 1715 3624 1795 3702; x_wconf 81' lang='lat' dir='ltr'>fit</span> <span class='ocrx_word' id='word_1_256' title='bbox 1840 3628 2171 3712; x_wconf 79' lang='lat' dir='ltr'>calcaria3</span> <span class='ocrx_word' id='word_1_257' title='bbox 2211 3630 2389 3725; x_wconf 67' lang='lat' dir='ltr'>fiilia</span> <span class='ocrx_word' id='word_1_258' title='bbox 2437 3651 2697 3707; x_wconf 68' lang='lat' dir='ltr'>naun-,e</span> <span class='ocrx_word' id='word_1_259' title='bbox 2720 3631 2893 3724; x_wconf 78' lang='lat' dir='ltr'>salis</span> 
     </span>
     <span class='ocr_line' id='line_1_35' title="bbox 436 3723 2895 3829; baseline 0 -20"><span class='ocrx_word' id='word_1_260' title='bbox 436 3727 920 3824; x_wconf 71' lang='lat' dir='ltr'>Ebshomerfis,</span> <span class='ocrx_word' id='word_1_261' title='bbox 1001 3726 1048 3805; x_wconf 80' lang='lat' dir='ltr'>fi</span> <span class='ocrx_word' id='word_1_262' title='bbox 1115 3724 1287 3804; x_wconf 73' lang='lat' dir='ltr'>baiis</span> <span class='ocrx_word' id='word_1_263' title='bbox 1335 3723 1418 3805; x_wconf 83' lang='lat' dir='ltr'>fit</span> <span class='ocrx_word' id='word_1_264' title='bbox 1468 3725 1845 3829; x_wconf 68' lang='lat' dir='ltr'>magnesia,</span> <span class='ocrx_word' id='word_1_265' title='bbox 1924 3729 2183 3806; x_wconf 77' lang='lat' dir='ltr'>alumen</span> <span class='ocrx_word' id='word_1_266' title='bbox 2245 3730 2290 3808; x_wconf 79' lang='lat' dir='ltr'>li</span> <span class='ocrx_word' id='word_1_267' title='bbox 2351 3731 2527 3810; x_wconf 74' lang='lat' dir='ltr'>bafls</span> <span class='ocrx_word' id='word_1_268' title='bbox 2586 3731 2665 3812; x_wconf 85' lang='lat' dir='ltr'>fit</span> <span class='ocrx_word' id='word_1_269' title='bbox 2710 3756 2895 3811; x_wconf 86' lang='lat' dir='ltr'>terra</span> 
     </span>
     <span class='ocr_line' id='line_1_36' title="bbox 436 3831 2893 3941; baseline 0.002 -35"><span class='ocrx_word' id='word_1_270' title='bbox 436 3831 835 3928; x_wconf 71' lang='lat' dir='ltr'>argillaceae</span> <span class='ocrx_word' id='word_1_271' title='bbox 895 3850 1019 3911; x_wconf 79' lang='lat' dir='ltr'>aut</span> <span class='ocrx_word' id='word_1_272' title='bbox 1062 3831 1342 3941; x_wconf 61' lang='lat' dir='ltr'>viniola</span> <span class='ocrx_word' id='word_1_273' title='bbox 1383 3839 1668 3922; x_wconf 79' lang='lat' dir='ltr'>martis,</span> <span class='ocrx_word' id='word_1_274' title='bbox 1720 3858 1875 3932; x_wconf 71' lang='lat' dir='ltr'>qua:</span> <span class='ocrx_word' id='word_1_275' title='bbox 1928 3835 2000 3911; x_wconf 87' lang='lat' dir='ltr'>iu</span> <span class='ocrx_word' id='word_1_276' title='bbox 2033 3837 2177 3913; x_wconf 82' lang='lat' dir='ltr'>aeid</span> <span class='ocrx_word' id='word_1_277' title='bbox 2188 3837 2316 3914; x_wconf 87' lang='lat' dir='ltr'>ulis</span> <span class='ocrx_word' id='word_1_278' title='bbox 2356 3833 2522 3916; x_wconf 78' lang='lat' dir='ltr'>sunt</span> <span class='ocrx_word' id='word_1_279' title='bbox 2564 3834 2893 3936; x_wconf 85' lang='lat' dir='ltr'>frequen·</span> 
     </span>
    </p>

    <p class='ocr_par' dir='ltr' id='par_1_12' title="bbox 2761 3959 2902 4027">
     <span class='ocr_line' id='line_1_37' title="bbox 2761 3959 2902 4027; baseline -0.014 -11"><span class='ocrx_word' id='word_1_280' title='bbox 2761 3959 2902 4027; x_wconf 60' lang='lat' dir='ltr'>tia«)</span> 
     </span>
    </p>
   </div>
  </div>
 </body>
</html>
