<?xml version="1.0" encoding="UTF-8"?>
<!DOCTYPE html PUBLIC "-//W3C//DTD XHTML 1.0 Transitional//EN"
    "http://www.w3.org/TR/xhtml1/DTD/xhtml1-transitional.dtd">
<html xmlns="http://www.w3.org/1999/xhtml" xml:lang="en" lang="en">
 <head>
  <title>
</title>
<meta http-equiv="Content-Type" content="text/html;charset=utf-8" />
  <meta name='ocr-system' content='tesseract 3.04.00' />
  <meta name='ocr-capabilities' content='ocr_page ocr_carea ocr_par ocr_line ocrx_word'/>
</head>
<body>
  <div class='ocr_page' id='page_1' title='image "./dissertationisp00schigoog_0110.png"; bbox 0 0 3400 4725; ppageno 0'>
   <div class='ocr_carea' id='block_1_1' title="bbox 601 302 3047 763">
    <p class='ocr_par' dir='ltr' id='par_1_1' title="bbox 601 302 3047 763">
     <span class='ocr_line' id='line_1_1' title="bbox 601 302 2113 413; baseline -0.009 -1"><span class='ocrx_word' id='word_1_1' title='bbox 601 328 678 413; x_wconf 74' lang='lat'>38</span> <span class='ocrx_word' id='word_1_2' title='bbox 1559 303 1705 396; x_wconf 47' lang='lat' dir='ltr'>’aa</span> <span class='ocrx_word' id='word_1_3' title='bbox 1796 302 1873 395; x_wconf 84' lang='grc'>&gt;&lt;</span> <span class='ocrx_word' id='word_1_4' title='bbox 1971 304 2113 399; x_wconf 56' lang='lat'>0125</span> 
     </span>
     <span class='ocr_line' id='line_1_2' title="bbox 1708 498 1926 584; baseline 0 -2"><span class='ocrx_word' id='word_1_5' title='bbox 1708 498 1926 584; x_wconf 81' lang='lat' dir='ltr'>xlv,</span> 
     </span>
     <span class='ocr_line' id='line_1_3' title="bbox 750 660 3047 763; baseline -0.006 -7"><span class='ocrx_word' id='word_1_6' title='bbox 750 678 860 757; x_wconf 82' lang='lat' dir='ltr'>Ex</span> <span class='ocrx_word' id='word_1_7' title='bbox 918 671 1341 754; x_wconf 80' lang='lat' dir='ltr'>theoremate</span> <span class='ocrx_word' id='word_1_8' title='bbox 1389 691 1422 742; x_wconf 88' lang='lat' dir='ltr'>a</span> <span class='ocrx_word' id='word_1_9' title='bbox 1475 663 1917 761; x_wconf 74' lang='lat' dir='ltr'>philosophis</span> <span class='ocrx_word' id='word_1_10' title='bbox 1960 718 1980 749; x_wconf 90' lang='lat'><strong>‚</strong></span> <span class='ocrx_word' id='word_1_11' title='bbox 2068 681 2420 763; x_wconf 75' lang='lat' dir='ltr'>praeeunte</span> <span class='ocrx_word' id='word_1_12' title='bbox 2494 660 2987 743; x_wconf 79' lang='lat' dir='ltr'>LElBNlTlO</span> <span class='ocrx_word' id='word_1_13' title='bbox 3029 720 3047 754; x_wconf 89' lang='lat'><strong>,</strong></span> 
     </span>
    </p>
   </div>
   <div class='ocr_carea' id='block_1_2' title="bbox 584 768 3050 1791">
    <p class='ocr_par' dir='ltr' id='par_1_2' title="bbox 584 768 3050 1791">
     <span class='ocr_line' id='line_1_4' title="bbox 599 768 3050 885; baseline -0.005 -26"><span class='ocrx_word' id='word_1_14' title='bbox 599 779 991 885; x_wconf 69' lang='lat' dir='ltr'>propolim,</span> <span class='ocrx_word' id='word_1_15' title='bbox 1047 786 1116 850; x_wconf 82' lang='lat' dir='ltr'>in</span> <span class='ocrx_word' id='word_1_16' title='bbox 1171 792 1420 849; x_wconf 73' lang='lat' dir='ltr'>nattam</span> <span class='ocrx_word' id='word_1_17' title='bbox 1478 800 1604 846; x_wconf 82' lang='lat' dir='ltr'>non</span> <span class='ocrx_word' id='word_1_18' title='bbox 1671 772 1825 847; x_wconf 77' lang='lat' dir='ltr'>dare</span> <span class='ocrx_word' id='word_1_19' title='bbox 1866 770 2166 865; x_wconf 77' lang='lat' dir='ltr'>saltum.</span> <span class='ocrx_word' id='word_1_20' title='bbox 2228 768 2513 842; x_wconf 84' lang='lat' dir='ltr'>minime</span> <span class='ocrx_word' id='word_1_21' title='bbox 2544 768 2742 854; x_wconf 84' lang='lat' dir='ltr'>fluit,</span> <span class='ocrx_word' id='word_1_22' title='bbox 2803 772 2865 844; x_wconf 82' lang='lat' dir='ltr'>id</span> <span class='ocrx_word' id='word_1_23' title='bbox 2907 798 3050 867; x_wconf 89' lang='lat' dir='ltr'>quo</span> 
     </span>
     <span class='ocr_line' id='line_1_5' title="bbox 598 872 3049 969; baseline -0.006 -9"><span class='ocrx_word' id='word_1_24' title='bbox 598 888 684 961; x_wconf 84' lang='lat' dir='ltr'>ad</span> <span class='ocrx_word' id='word_1_25' title='bbox 733 885 1140 959; x_wconf 61' lang='lat' dir='ltr'>structuram</span> <span class='ocrx_word' id='word_1_26' title='bbox 1203 901 1575 969; x_wconf 81' lang='lat' dir='ltr'>corporum</span> <span class='ocrx_word' id='word_1_27' title='bbox 1631 898 1989 948; x_wconf 81' lang='lat' dir='ltr'>externam</span> <span class='ocrx_word' id='word_1_28' title='bbox 2031 872 2291 967; x_wconf 85' lang='lat' dir='ltr'>ubique</span> <span class='ocrx_word' id='word_1_29' title='bbox 2339 874 2566 945; x_wconf 88' lang='lat' dir='ltr'>valere</span> <span class='ocrx_word' id='word_1_30' title='bbox 2609 922 2629 954; x_wconf 90' lang='lat'>,</span> <span class='ocrx_word' id='word_1_31' title='bbox 2709 873 2801 945; x_wconf 86' lang='lat' dir='ltr'>ita</span> <span class='ocrx_word' id='word_1_32' title='bbox 2842 896 2922 948; x_wconf 88' lang='lat' dir='ltr'>ut</span> <span class='ocrx_word' id='word_1_33' title='bbox 2964 874 3049 946; x_wconf 88' lang='lat' dir='ltr'>ab</span> 
     </span>
     <span class='ocr_line' id='line_1_6' title="bbox 595 971 3049 1075; baseline -0.005 -13"><span class='ocrx_word' id='word_1_34' title='bbox 595 1011 742 1064; x_wconf 88' lang='lat' dir='ltr'>uno</span> <span class='ocrx_word' id='word_1_35' title='bbox 786 982 869 1055; x_wconf 89' lang='lat' dir='ltr'>ad</span> <span class='ocrx_word' id='word_1_36' title='bbox 907 982 1196 1053; x_wconf 88' lang='lat' dir='ltr'>alterum</span> <span class='ocrx_word' id='word_1_37' title='bbox 1247 976 1556 1075; x_wconf 81' lang='lat' dir='ltr'>gradatio</span> <span class='ocrx_word' id='word_1_38' title='bbox 1603 978 1807 1050; x_wconf 88' lang='lat' dir='ltr'>detur</span> <span class='ocrx_word' id='word_1_39' title='bbox 1858 971 2161 1047; x_wconf 72' lang='lat' dir='ltr'>sensibus</span> <span class='ocrx_word' id='word_1_40' title='bbox 2221 975 2342 1046; x_wconf 82' lang='lat' dir='ltr'>vix</span> <span class='ocrx_word' id='word_1_41' title='bbox 2398 975 2828 1069; x_wconf 84' lang='lat' dir='ltr'>percipienda</span> <span class='ocrx_word' id='word_1_42' title='bbox 2877 1026 2897 1058; x_wconf 91' lang='lat'>,</span> <span class='ocrx_word' id='word_1_43' title='bbox 2983 981 3049 1049; x_wconf 70' lang='grc' dir='ltr'>δε</span> 
     </span>
     <span class='ocr_line' id='line_1_7' title="bbox 593 1073 3047 1176; baseline -0.004 -17"><span class='ocrx_word' id='word_1_44' title='bbox 593 1082 1037 1176; x_wconf 72' lang='lat' dir='ltr'>discrepantia</span> <span class='ocrx_word' id='word_1_45' title='bbox 1097 1101 1372 1153; x_wconf 86' lang='lat' dir='ltr'>tantum</span> <span class='ocrx_word' id='word_1_46' title='bbox 1429 1080 1502 1153; x_wconf 85' lang='lat' dir='ltr'>in</span> <span class='ocrx_word' id='word_1_47' title='bbox 1560 1076 1975 1171; x_wconf 80' lang='lat' dir='ltr'>corporibus</span> <span class='ocrx_word' id='word_1_48' title='bbox 2026 1077 2093 1149; x_wconf 91' lang='lat' dir='ltr'>in</span> <span class='ocrx_word' id='word_1_49' title='bbox 2144 1073 2274 1149; x_wconf 84' lang='lat' dir='ltr'>hac</span> <span class='ocrx_word' id='word_1_50' title='bbox 2317 1073 2485 1148; x_wconf 85' lang='lat' dir='ltr'>serie</span> <span class='ocrx_word' id='word_1_51' title='bbox 2536 1100 2573 1148; x_wconf 89' lang='lat' dir='ltr'>a</span> <span class='ocrx_word' id='word_1_52' title='bbox 2630 1073 2696 1148; x_wconf 85' lang='lat' dir='ltr'>se</span> <span class='ocrx_word' id='word_1_53' title='bbox 2743 1078 3047 1150; x_wconf 80' lang='lat' dir='ltr'>invicem</span> 
     </span>
     <span class='ocr_line' id='line_1_8' title="bbox 590 1172 3047 1273; baseline -0.004 -13"><span class='ocrx_word' id='word_1_54' title='bbox 590 1181 748 1261; x_wconf 87' lang='lat' dir='ltr'>satis</span> <span class='ocrx_word' id='word_1_55' title='bbox 776 1180 1182 1255; x_wconf 86' lang='lat' dir='ltr'>distantibus</span> <span class='ocrx_word' id='word_1_56' title='bbox 1215 1176 1564 1253; x_wconf 86' lang='lat' dir='ltr'>observari</span> <span class='ocrx_word' id='word_1_57' title='bbox 1607 1176 1852 1273; x_wconf 65' lang='lat' dir='ltr'>potiit:</span> <span class='ocrx_word' id='word_1_58' title='bbox 1912 1172 2024 1249; x_wconf 82' lang='lat' dir='ltr'>sed</span> <span class='ocrx_word' id='word_1_59' title='bbox 2084 1177 2153 1248; x_wconf 86' lang='lat' dir='ltr'>id</span> <span class='ocrx_word' id='word_1_60' title='bbox 2212 1175 2577 1250; x_wconf 76' lang='lat' dir='ltr'>theorema</span> <span class='ocrx_word' id='word_1_61' title='bbox 2640 1179 2894 1250; x_wconf 71' lang='lat' dir='ltr'>rectius</span> <span class='ocrx_word' id='word_1_62' title='bbox 2956 1180 3047 1249; x_wconf 84' lang='lat' dir='ltr'>ita</span> 
     </span>
     <span class='ocr_line' id='line_1_9' title="bbox 591 1280 3048 1377; baseline -0.005 -15"><span class='ocrx_word' id='word_1_63' title='bbox 591 1283 1046 1365; x_wconf 85' lang='lat' dir='ltr'>enunciatur,</span> <span class='ocrx_word' id='word_1_64' title='bbox 1104 1308 1232 1356; x_wconf 85' lang='lat' dir='ltr'>non</span> <span class='ocrx_word' id='word_1_65' title='bbox 1271 1280 1425 1354; x_wconf 81' lang='lat' dir='ltr'>dari</span> <span class='ocrx_word' id='word_1_66' title='bbox 1453 1282 1617 1354; x_wconf 80' lang='lat' dir='ltr'>tales</span> <span class='ocrx_word' id='word_1_67' title='bbox 1639 1281 1947 1363; x_wconf 74' lang='lat' dir='ltr'>lucunas,</span> <span class='ocrx_word' id='word_1_68' title='bbox 2006 1304 2144 1375; x_wconf 75' lang='lat' dir='ltr'>quae</span> <span class='ocrx_word' id='word_1_69' title='bbox 2188 1298 2447 1352; x_wconf 74' lang='lat' dir='ltr'>natum</span> <span class='ocrx_word' id='word_1_70' title='bbox 2479 1286 2889 1377; x_wconf 74' lang='lat' dir='ltr'>operationes</span> <span class='ocrx_word' id='word_1_71' title='bbox 2926 1285 3048 1349; x_wconf 83' lang='lat' dir='ltr'>im-</span> 
     </span>
     <span class='ocr_line' id='line_1_10' title="bbox 584 1379 3047 1489; baseline -0.003 -28"><span class='ocrx_word' id='word_1_72' title='bbox 584 1386 923 1489; x_wconf 76' lang='lat' dir='ltr'>pediant‚·</span> <span class='ocrx_word' id='word_1_73' title='bbox 985 1408 1110 1458; x_wconf 87' lang='lat' dir='ltr'>nec</span> <span class='ocrx_word' id='word_1_74' title='bbox 1161 1383 1381 1457; x_wconf 87' lang='lat' dir='ltr'>ullum</span> <span class='ocrx_word' id='word_1_75' title='bbox 1437 1379 1784 1458; x_wconf 70' lang='lat' dir='ltr'>defectum</span> <span class='ocrx_word' id='word_1_76' title='bbox 1834 1382 2128 1477; x_wconf 88' lang='lat' dir='ltr'>partium</span> <span class='ocrx_word' id='word_1_77' title='bbox 2172 1379 2566 1465; x_wconf 81' lang='lat' dir='ltr'>observari,</span> <span class='ocrx_word' id='word_1_78' title='bbox 2644 1382 2763 1475; x_wconf 84' lang='lat' dir='ltr'>qui</span> <span class='ocrx_word' id='word_1_79' title='bbox 2832 1379 3047 1476; x_wconf 82' lang='lat' dir='ltr'>perfe-</span> 
     </span>
     <span class='ocr_line' id='line_1_11' title="bbox 591 1484 3047 1581; baseline -0.003 -16"><span class='ocrx_word' id='word_1_80' title='bbox 591 1489 810 1566; x_wconf 66' lang='lat' dir='ltr'>clioni</span> <span class='ocrx_word' id='word_1_81' title='bbox 867 1488 1085 1563; x_wconf 89' lang='lat' dir='ltr'>totius</span> <span class='ocrx_word' id='word_1_82' title='bbox 1144 1484 1365 1560; x_wconf 88' lang='lat' dir='ltr'>obstet</span> <span class='ocrx_word' id='word_1_83' title='bbox 1401 1538 1422 1569; x_wconf 93' lang='lat'><strong>‚</strong></span> <span class='ocrx_word' id='word_1_84' title='bbox 1494 1510 1896 1581; x_wconf 85' lang='lat' dir='ltr'>nexumque</span> <span class='ocrx_word' id='word_1_85' title='bbox 1931 1509 2310 1577; x_wconf 86' lang='lat' dir='ltr'>corporum</span> <span class='ocrx_word' id='word_1_86' title='bbox 2356 1484 2774 1558; x_wconf 86' lang='lat' dir='ltr'>naturalium</span> <span class='ocrx_word' id='word_1_87' title='bbox 2818 1485 3047 1578; x_wconf 86' lang='lat' dir='ltr'>potius</span> 
     </span>
     <span class='ocr_line' id='line_1_12' title="bbox 589 1583 3046 1683; baseline -0.003 -18"><span class='ocrx_word' id='word_1_88' title='bbox 589 1589 670 1665; x_wconf 86' lang='lat' dir='ltr'>ad</span> <span class='ocrx_word' id='word_1_89' title='bbox 714 1586 910 1665; x_wconf 79' lang='lat' dir='ltr'>usum</span> <span class='ocrx_word' id='word_1_90' title='bbox 949 1640 970 1673; x_wconf 90' lang='lat'>‚</span> <span class='ocrx_word' id='word_1_91' title='bbox 1044 1612 1251 1683; x_wconf 89' lang='lat' dir='ltr'>quem</span> <span class='ocrx_word' id='word_1_92' title='bbox 1308 1612 1530 1661; x_wconf 89' lang='lat' dir='ltr'>unum</span> <span class='ocrx_word' id='word_1_93' title='bbox 1587 1587 1781 1661; x_wconf 89' lang='lat' dir='ltr'>alteri</span> <span class='ocrx_word' id='word_1_94' title='bbox 1825 1587 2095 1683; x_wconf 83' lang='lat' dir='ltr'>praestat</span> <span class='ocrx_word' id='word_1_95' title='bbox 2129 1636 2150 1671; x_wconf 91' lang='lat'>,</span> <span class='ocrx_word' id='word_1_96' title='bbox 2228 1612 2440 1683; x_wconf 88' lang='lat' dir='ltr'>quam</span> <span class='ocrx_word' id='word_1_97' title='bbox 2492 1586 2579 1659; x_wconf 89' lang='lat' dir='ltr'>ad</span> <span class='ocrx_word' id='word_1_98' title='bbox 2634 1583 3046 1659; x_wconf 85' lang='lat' dir='ltr'>affinitatem</span> 
     </span>
     <span class='ocr_line' id='line_1_13' title="bbox 587 1684 3040 1791; baseline -0.003 -24"><span class='ocrx_word' id='word_1_99' title='bbox 587 1719 728 1791; x_wconf 88' lang='lat' dir='ltr'>quo</span> <span class='ocrx_word' id='word_1_100' title='bbox 776 1694 862 1767; x_wconf 85' lang='lat' dir='ltr'>ad</span> <span class='ocrx_word' id='word_1_101' title='bbox 898 1688 1194 1789; x_wconf 81' lang='lat' dir='ltr'>figuram</span> <span class='ocrx_word' id='word_1_102' title='bbox 1239 1692 1302 1767; x_wconf 73' lang='lat' dir='ltr'>St</span> <span class='ocrx_word' id='word_1_103' title='bbox 1344 1712 1698 1765; x_wconf 86' lang='lat' dir='ltr'>externam</span> <span class='ocrx_word' id='word_1_104' title='bbox 1744 1685 2375 1765; x_wconf 81' lang='lat' dir='ltr'>conformationem</span> <span class='ocrx_word' id='word_1_105' title='bbox 2425 1684 2863 1763; x_wconf 82' lang='lat' dir='ltr'>referendum</span> <span class='ocrx_word' id='word_1_106' title='bbox 2900 1685 3040 1759; x_wconf 79' lang='lat' dir='ltr'>ell&#39;e.</span> 
     </span>
    </p>
   </div>
   <div class='ocr_carea' id='block_1_3' title="bbox 584 1788 3046 1997">
    <p class='ocr_par' dir='ltr' id='par_1_3' title="bbox 584 1788 3046 1997">
     <span class='ocr_line' id='line_1_14' title="bbox 584 1788 3046 1889; baseline -0.004 -16"><span class='ocrx_word' id='word_1_107' title='bbox 584 1796 695 1873; x_wconf 89' lang='lat' dir='ltr'>De</span> <span class='ocrx_word' id='word_1_108' title='bbox 743 1792 850 1869; x_wconf 82' lang='lat' dir='ltr'>his</span> <span class='ocrx_word' id='word_1_109' title='bbox 901 1792 1216 1889; x_wconf 81' lang='lat' dir='ltr'>pluribus</span> <span class='ocrx_word' id='word_1_110' title='bbox 1253 1794 1388 1889; x_wconf 87' lang='lat' dir='ltr'>egit</span> <span class='ocrx_word' id='word_1_111' title='bbox 1444 1793 1550 1867; x_wconf 89' lang='lat' dir='ltr'>Cl.</span> <span class='ocrx_word' id='word_1_112' title='bbox 1595 1793 2262 1871; x_wconf 77' lang='lat' dir='ltr'>BLUMENBACH</span> <span class='ocrx_word' id='word_1_113' title='bbox 2315 1788 2695 1868; x_wconf 76' lang='lat' dir='ltr'>Handbuch</span> <span class='ocrx_word' id='word_1_114' title='bbox 2732 1788 2851 1868; x_wconf 82' lang='lat' dir='ltr'>der</span> <span class='ocrx_word' id='word_1_115' title='bbox 2892 1796 3046 1866; x_wconf 70' lang='lat' dir='ltr'>Nu-</span> 
     </span>
     <span class='ocr_line' id='line_1_15' title="bbox 586 1891 2087 1997; baseline -0.004 -23"><span class='ocrx_word' id='word_1_116' title='bbox 586 1891 1073 1997; x_wconf 63' lang='lat' dir='ltr'>tutgffchichte.</span> <span class='ocrx_word' id='word_1_117' title='bbox 1135 1905 1177 1981; x_wconf 87' lang='lat'>8</span> <span class='ocrx_word' id='word_1_118' title='bbox 1232 1899 1586 1994; x_wconf 74' lang='lat' dir='ltr'>Gottingen</span> <span class='ocrx_word' id='word_1_119' title='bbox 1629 1907 1848 1988; x_wconf 84' lang='lat'>1782.</span> <span class='ocrx_word' id='word_1_120' title='bbox 1899 1915 1968 1993; x_wconf 88' lang='lat' dir='ltr'>p.</span> <span class='ocrx_word' id='word_1_121' title='bbox 2022 1903 2087 1983; x_wconf 89' lang='lat'>8.</span> 
     </span>
    </p>
   </div>
   <div class='ocr_carea' id='block_1_4' title="bbox 1728 2068 1909 2155">
    <p class='ocr_par' dir='ltr' id='par_1_4' title="bbox 1728 2068 1909 2155">
     <span class='ocr_line' id='line_1_16' title="bbox 1728 2068 1909 2155; baseline -0.022 1"><span class='ocrx_word' id='word_1_122' title='bbox 1728 2068 1909 2155; x_wconf 90' lang='lat' dir='ltr'>XV.</span> 
     </span>
    </p>
   </div>
   <div class='ocr_carea' id='block_1_5' title="bbox 509 2236 3049 4072">
    <p class='ocr_par' dir='ltr' id='par_1_5' title="bbox 509 2236 3049 4072">
     <span class='ocr_line' id='line_1_17' title="bbox 730 2236 3049 2344; baseline -0.003 -25"><span class='ocrx_word' id='word_1_123' title='bbox 730 2241 920 2321; x_wconf 83' lang='lat' dir='ltr'>Scala</span> <span class='ocrx_word' id='word_1_124' title='bbox 951 2290 974 2326; x_wconf 85' lang='lat'><strong>‚</strong></span> <span class='ocrx_word' id='word_1_125' title='bbox 1030 2264 1186 2337; x_wconf 85' lang='lat' dir='ltr'>quae</span> <span class='ocrx_word' id='word_1_126' title='bbox 1234 2244 1306 2315; x_wconf 81' lang='lat' dir='ltr'>in</span> <span class='ocrx_word' id='word_1_127' title='bbox 1350 2257 1605 2344; x_wconf 67' lang='lat' dir='ltr'>natura</span> <span class='ocrx_word' id='word_1_128' title='bbox 1641 2263 1677 2313; x_wconf 91' lang='lat' dir='ltr'>a</span> <span class='ocrx_word' id='word_1_129' title='bbox 1720 2238 1928 2315; x_wconf 86' lang='lat' dir='ltr'>DEO</span> <span class='ocrx_word' id='word_1_130' title='bbox 1962 2255 2187 2313; x_wconf 87' lang='lat' dir='ltr'>creata</span> <span class='ocrx_word' id='word_1_131' title='bbox 2217 2237 2443 2314; x_wconf 79' lang='lat' dir='ltr'>existit</span> <span class='ocrx_word' id='word_1_132' title='bbox 2469 2292 2488 2324; x_wconf 91' lang='lat'><strong>,</strong></span> <span class='ocrx_word' id='word_1_133' title='bbox 2565 2240 2716 2315; x_wconf 87' lang='lat' dir='ltr'>talis</span> <span class='ocrx_word' id='word_1_134' title='bbox 2746 2236 3049 2313; x_wconf 41' lang='lat' dir='ltr'>deliaca*</span> 
     </span>
     <span class='ocr_line' id='line_1_18' title="bbox 592 2340 3041 2441; baseline -0.002 -19"><span class='ocrx_word' id='word_1_135' title='bbox 592 2361 728 2424; x_wconf 84' lang='lat' dir='ltr'>tur.</span> <span class='ocrx_word' id='word_1_136' title='bbox 833 2344 1232 2422; x_wconf 79' lang='lat' dir='ltr'>NATURA</span> <span class='ocrx_word' id='word_1_137' title='bbox 1276 2343 1492 2418; x_wconf 88' lang='lat' dir='ltr'>veluti</span> <span class='ocrx_word' id='word_1_138' title='bbox 1537 2358 1656 2438; x_wconf 86' lang='lat' dir='ltr'>per</span> <span class='ocrx_word' id='word_1_139' title='bbox 1705 2341 1959 2440; x_wconf 84' lang='lat' dir='ltr'>gradus</span> <span class='ocrx_word' id='word_1_140' title='bbox 1998 2343 2484 2441; x_wconf 84' lang='lat' dir='ltr'>progreditur:</span> <span class='ocrx_word' id='word_1_141' title='bbox 2546 2340 2723 2418; x_wconf 80' lang='lat' dir='ltr'>forte</span> <span class='ocrx_word' id='word_1_142' title='bbox 2768 2342 2854 2416; x_wconf 90' lang='lat' dir='ltr'>ab</span> <span class='ocrx_word' id='word_1_143' title='bbox 2892 2365 3041 2418; x_wconf 50' lang='lat' dir='ltr'>ato-f</span> 
     </span>
     <span class='ocr_line' id='line_1_19' title="bbox 591 2442 3045 2542; baseline -0.004 -17"><span class='ocrx_word' id='word_1_144' title='bbox 591 2449 726 2525; x_wconf 85' lang='lat' dir='ltr'>mis</span> <span class='ocrx_word' id='word_1_145' title='bbox 762 2466 1026 2521; x_wconf 80' lang='lat' dir='ltr'>natura:</span> <span class='ocrx_word' id='word_1_146' title='bbox 1058 2502 1080 2532; x_wconf 91' lang='lat'>,</span> <span class='ocrx_word' id='word_1_147' title='bbox 1138 2442 1252 2521; x_wconf 86' lang='lat' dir='ltr'>seu</span> <span class='ocrx_word' id='word_1_148' title='bbox 1301 2447 1577 2542; x_wconf 66' lang='lat' dir='ltr'>punctis</span> <span class='ocrx_word' id='word_1_149' title='bbox 1631 2447 1700 2520; x_wconf 89' lang='lat' dir='ltr'>vi</span> <span class='ocrx_word' id='word_1_150' title='bbox 1739 2445 2043 2542; x_wconf 76' lang='lat' dir='ltr'>praeditis</span> <span class='ocrx_word' id='word_1_151' title='bbox 2074 2496 2094 2528; x_wconf 90' lang='lat'>,</span> <span class='ocrx_word' id='word_1_152' title='bbox 2154 2446 2237 2518; x_wconf 86' lang='lat' dir='ltr'>ad</span> <span class='ocrx_word' id='word_1_153' title='bbox 2295 2443 2705 2542; x_wconf 83' lang='lat' dir='ltr'>corpuscula</span> <span class='ocrx_word' id='word_1_154' title='bbox 2757 2444 3045 2542; x_wconf 80' lang='lat' dir='ltr'>primiti-</span> 
     </span>
     <span class='ocr_line' id='line_1_20' title="bbox 590 2544 3044 2641; baseline -0.003 -17"><span class='ocrx_word' id='word_1_155' title='bbox 590 2575 680 2626; x_wconf 84' lang='lat' dir='ltr'>va</span> <span class='ocrx_word' id='word_1_156' title='bbox 715 2603 735 2635; x_wconf 83' lang='lat'><strong>,</strong></span> <span class='ocrx_word' id='word_1_157' title='bbox 782 2549 868 2622; x_wconf 89' lang='lat' dir='ltr'>ab</span> <span class='ocrx_word' id='word_1_158' title='bbox 908 2544 1016 2623; x_wconf 89' lang='lat' dir='ltr'>his</span> <span class='ocrx_word' id='word_1_159' title='bbox 1062 2547 1146 2624; x_wconf 88' lang='lat' dir='ltr'>ad</span> <span class='ocrx_word' id='word_1_160' title='bbox 1194 2548 1576 2624; x_wconf 81' lang='lat' dir='ltr'>dcr1vativa</span> <span class='ocrx_word' id='word_1_161' title='bbox 1606 2602 1626 2632; x_wconf 89' lang='lat'>‚</span> <span class='ocrx_word' id='word_1_162' title='bbox 1705 2573 1743 2622; x_wconf 87' lang='lat' dir='ltr'>a</span> <span class='ocrx_word' id='word_1_163' title='bbox 1796 2547 2199 2624; x_wconf 83' lang='lat' dir='ltr'>derivativis</span> <span class='ocrx_word' id='word_1_164' title='bbox 2242 2550 2327 2622; x_wconf 86' lang='lat' dir='ltr'>ad</span> <span class='ocrx_word' id='word_1_165' title='bbox 2374 2550 2749 2624; x_wconf 86' lang='lat' dir='ltr'>molcculas</span> <span class='ocrx_word' id='word_1_166' title='bbox 2778 2599 2797 2634; x_wconf 89' lang='lat'>,</span> <span class='ocrx_word' id='word_1_167' title='bbox 2874 2568 3044 2641; x_wconf 75' lang='lat' dir='ltr'>quas</span> 
     </span>
     <span class='ocr_line' id='line_1_21' title="bbox 591 2647 3043 2746; baseline -0.002 -21"><span class='ocrx_word' id='word_1_168' title='bbox 591 2647 823 2725; x_wconf 79' lang='lat' dir='ltr'>sensus</span> <span class='ocrx_word' id='word_1_169' title='bbox 861 2649 1339 2746; x_wconf 83' lang='lat' dir='ltr'>distinguunt,</span> <span class='ocrx_word' id='word_1_170' title='bbox 1397 2675 1553 2744; x_wconf 82' lang='lat' dir='ltr'>quae</span> <span class='ocrx_word' id='word_1_171' title='bbox 1586 2648 1947 2722; x_wconf 73' lang='lat' dir='ltr'>moleculze</span> <span class='ocrx_word' id='word_1_172' title='bbox 1988 2674 2106 2742; x_wconf 89' lang='lat' dir='ltr'>per</span> <span class='ocrx_word' id='word_1_173' title='bbox 2139 2651 2319 2724; x_wconf 83' lang='lat' dir='ltr'>vires</span> <span class='ocrx_word' id='word_1_174' title='bbox 2356 2651 2752 2744; x_wconf 80' lang='lat' dir='ltr'>gravitatis,</span> <span class='ocrx_word' id='word_1_175' title='bbox 2812 2649 3043 2722; x_wconf 72' lang='lat' dir='ltr'>colia:-</span> 
     </span>
     <span class='ocr_line' id='line_1_22' title="bbox 591 2747 3041 2834; baseline -0.003 -7"><span class='ocrx_word' id='word_1_176' title='bbox 591 2747 802 2827; x_wconf 81' lang='lat' dir='ltr'>fionis</span> <span class='ocrx_word' id='word_1_177' title='bbox 833 2755 897 2826; x_wconf 72' lang='grc' dir='ltr'>ἃ</span> <span class='ocrx_word' id='word_1_178' title='bbox 936 2748 1290 2828; x_wconf 82' lang='lat' dir='ltr'>affinitatis</span> <span class='ocrx_word' id='word_1_179' title='bbox 1330 2748 1511 2826; x_wconf 87' lang='lat' dir='ltr'>inter</span> <span class='ocrx_word' id='word_1_180' title='bbox 1552 2748 1618 2826; x_wconf 84' lang='lat' dir='ltr'>se</span> <span class='ocrx_word' id='word_1_181' title='bbox 1660 2747 2125 2826; x_wconf 80' lang='lat' dir='ltr'>coalescentes</span> <span class='ocrx_word' id='word_1_182' title='bbox 2164 2751 2587 2834; x_wconf 79' lang='lat' dir='ltr'>materialia,</span> <span class='ocrx_word' id='word_1_183' title='bbox 2648 2748 2786 2824; x_wconf 83' lang='lat' dir='ltr'>sive</span> <span class='ocrx_word' id='word_1_184' title='bbox 2832 2772 3041 2823; x_wconf 83' lang='lat' dir='ltr'>omne</span> 
     </span>
     <span class='ocr_line' id='line_1_23' title="bbox 593 2850 3041 2949; baseline -0.001 -23"><span class='ocrx_word' id='word_1_185' title='bbox 593 2877 968 2948; x_wconf 89' lang='lat' dir='ltr'>corporum</span> <span class='ocrx_word' id='word_1_186' title='bbox 1008 2857 1072 2926; x_wconf 76' lang='lat' dir='ltr'>Sc</span> <span class='ocrx_word' id='word_1_187' title='bbox 1103 2875 1630 2949; x_wconf 83' lang='lat' dir='ltr'>aggregatorum</span> <span class='ocrx_word' id='word_1_188' title='bbox 1683 2859 1749 2928; x_wconf 87' lang='lat'>&amp;</span> <span class='ocrx_word' id='word_1_189' title='bbox 1790 2855 2177 2926; x_wconf 84' lang='lat' dir='ltr'>mixtorum</span> <span class='ocrx_word' id='word_1_190' title='bbox 2234 2879 2454 2949; x_wconf 84' lang='lat' dir='ltr'>genus</span> <span class='ocrx_word' id='word_1_191' title='bbox 2500 2850 2814 2926; x_wconf 79' lang='lat' dir='ltr'>efficiunt</span> <span class='ocrx_word' id='word_1_192' title='bbox 2842 2903 2860 2932; x_wconf 86' lang='lat'><strong>‚</strong></span> <span class='ocrx_word' id='word_1_193' title='bbox 2920 2867 3041 2923; x_wconf 88' lang='lat' dir='ltr'>aut</span> 
     </span>
     <span class='ocr_line' id='line_1_24' title="bbox 591 2949 3041 3048; baseline -0.003 -20"><span class='ocrx_word' id='word_1_194' title='bbox 591 2949 814 3048; x_wconf 80' lang='lat' dir='ltr'>figura</span> <span class='ocrx_word' id='word_1_195' title='bbox 858 2952 1304 3026; x_wconf 86' lang='lat' dir='ltr'>determinata</span> <span class='ocrx_word' id='word_1_196' title='bbox 1338 3002 1359 3035; x_wconf 89' lang='lat'><strong>,</strong></span> <span class='ocrx_word' id='word_1_197' title='bbox 1417 2975 1534 3026; x_wconf 90' lang='lat' dir='ltr'>aut</span> <span class='ocrx_word' id='word_1_198' title='bbox 1580 2953 2150 3035; x_wconf 82' lang='lat' dir='ltr'>indeterminata,</span> <span class='ocrx_word' id='word_1_199' title='bbox 2207 2955 2710 3046; x_wconf 71' lang='lat' dir='ltr'>praeditorume</span> <span class='ocrx_word' id='word_1_200' title='bbox 2769 2953 3041 3026; x_wconf 79' lang='lat' dir='ltr'>cadem-</span> 
     </span>
     <span class='ocr_line' id='line_1_25' title="bbox 593 3050 3041 3148; baseline -0.002 -22"><span class='ocrx_word' id='word_1_201' title='bbox 593 3076 727 3148; x_wconf 84' lang='lat' dir='ltr'>que</span> <span class='ocrx_word' id='word_1_202' title='bbox 783 3052 1153 3125; x_wconf 81' lang='lat' dir='ltr'>materialia</span> <span class='ocrx_word' id='word_1_203' title='bbox 1194 3075 1314 3147; x_wconf 84' lang='lat' dir='ltr'>pet</span> <span class='ocrx_word' id='word_1_204' title='bbox 1367 3074 1632 3128; x_wconf 78' lang='lat' dir='ltr'>naturae</span> <span class='ocrx_word' id='word_1_205' title='bbox 1673 3051 2042 3128; x_wconf 83' lang='lat' dir='ltr'>machinas</span> <span class='ocrx_word' id='word_1_206' title='bbox 2081 3055 2151 3126; x_wconf 87' lang='lat' dir='ltr'>in</span> <span class='ocrx_word' id='word_1_207' title='bbox 2208 3051 2455 3128; x_wconf 81' lang='lat' dir='ltr'>similes</span> <span class='ocrx_word' id='word_1_208' title='bbox 2506 3053 2861 3126; x_wconf 78' lang='lat' dir='ltr'>machinas</span> <span class='ocrx_word' id='word_1_209' title='bbox 2903 3050 3041 3122; x_wconf 85' lang='lat' dir='ltr'>for-</span> 
     </span>
     <span class='ocr_line' id='line_1_26' title="bbox 594 3150 3042 3252; baseline -0.002 -23"><span class='ocrx_word' id='word_1_210' title='bbox 594 3172 916 3238; x_wconf 85' lang='lat' dir='ltr'>mantur,</span> <span class='ocrx_word' id='word_1_211' title='bbox 961 3179 1116 3250; x_wconf 81' lang='lat' dir='ltr'>quae</span> <span class='ocrx_word' id='word_1_212' title='bbox 1156 3178 1241 3229; x_wconf 85' lang='lat' dir='ltr'>ex</span> <span class='ocrx_word' id='word_1_213' title='bbox 1280 3153 1591 3252; x_wconf 85' lang='lat' dir='ltr'>partibus</span> <span class='ocrx_word' id='word_1_214' title='bbox 1621 3151 1855 3230; x_wconf 85' lang='lat' dir='ltr'>solidis</span> <span class='ocrx_word' id='word_1_215' title='bbox 1886 3155 2073 3242; x_wconf 82' lang='lat' dir='ltr'>varia</span> <span class='ocrx_word' id='word_1_216' title='bbox 2105 3175 2381 3231; x_wconf 76' lang='lat' dir='ltr'>textura</span> <span class='ocrx_word' id='word_1_217' title='bbox 2407 3208 2429 3240; x_wconf 87' lang='lat'><strong>,</strong></span> <span class='ocrx_word' id='word_1_218' title='bbox 2489 3157 2837 3251; x_wconf 84' lang='lat' dir='ltr'>variisque</span> <span class='ocrx_word' id='word_1_219' title='bbox 2877 3150 3042 3225; x_wconf 84' lang='lat' dir='ltr'>viri-</span> 
     </span>
     <span class='ocr_line' id='line_1_27' title="bbox 597 3252 3039 3355; baseline -0 -27"><span class='ocrx_word' id='word_1_220' title='bbox 597 3255 726 3330; x_wconf 79' lang='lat' dir='ltr'>bus</span> <span class='ocrx_word' id='word_1_221' title='bbox 773 3254 1118 3352; x_wconf 67' lang='lat' dir='ltr'>praeditis,</span> <span class='ocrx_word' id='word_1_222' title='bbox 1174 3257 1266 3329; x_wconf 89' lang='lat' dir='ltr'>ita</span> <span class='ocrx_word' id='word_1_223' title='bbox 1302 3257 1714 3332; x_wconf 62' lang='lat' dir='ltr'>constructa:</span> <span class='ocrx_word' id='word_1_224' title='bbox 1762 3261 1828 3332; x_wconf 86' lang='lat'>&amp;</span> <span class='ocrx_word' id='word_1_225' title='bbox 1868 3257 2243 3333; x_wconf 83' lang='lat' dir='ltr'>fluidorum</span> <span class='ocrx_word' id='word_1_226' title='bbox 2289 3285 2408 3355; x_wconf 87' lang='lat' dir='ltr'>per</span> <span class='ocrx_word' id='word_1_227' title='bbox 2449 3255 2624 3355; x_wconf 83' lang='lat' dir='ltr'>ipsas</span> <span class='ocrx_word' id='word_1_228' title='bbox 2659 3255 2884 3331; x_wconf 88' lang='lat' dir='ltr'>motui</span> <span class='ocrx_word' id='word_1_229' title='bbox 2915 3252 3039 3328; x_wconf 84' lang='lat' dir='ltr'>ad·-</span> 
     </span>
     <span class='ocr_line' id='line_1_28' title="bbox 595 3353 3042 3456; baseline -0.002 -23"><span class='ocrx_word' id='word_1_230' title='bbox 595 3375 836 3456; x_wconf 82' lang='lat' dir='ltr'>aptatae</span> <span class='ocrx_word' id='word_1_231' title='bbox 879 3353 1041 3433; x_wconf 84' lang='lat' dir='ltr'>sunt</span> <span class='ocrx_word' id='word_1_232' title='bbox 1073 3407 1094 3444; x_wconf 90' lang='lat'><strong>,</strong></span> <span class='ocrx_word' id='word_1_233' title='bbox 1151 3376 1231 3435; x_wconf 90' lang='lat' dir='ltr'>ut</span> <span class='ocrx_word' id='word_1_234' title='bbox 1267 3357 1348 3432; x_wconf 85' lang='lat' dir='ltr'>ad</span> <span class='ocrx_word' id='word_1_235' title='bbox 1399 3355 1725 3456; x_wconf 71' lang='lat' dir='ltr'>praevisos</span> <span class='ocrx_word' id='word_1_236' title='bbox 1768 3355 1947 3436; x_wconf 84' lang='lat' dir='ltr'>fines</span> <span class='ocrx_word' id='word_1_237' title='bbox 1984 3363 2291 3437; x_wconf 61' lang='lat' dir='ltr'>actiones</span> <span class='ocrx_word' id='word_1_238' title='bbox 2320 3360 2807 3436; x_wconf 83' lang='lat' dir='ltr'>determinatas</span> <span class='ocrx_word' id='word_1_239' title='bbox 2848 3379 3042 3429; x_wconf 82' lang='lat' dir='ltr'>exer-</span> 
     </span>
     <span class='ocr_line' id='line_1_29' title="bbox 509 3457 3041 3564; baseline -0.002 -27"><span class='ocrx_word' id='word_1_240' title='bbox 509 3471 513 3475; x_wconf 86' lang='grc'>’</span> <span class='ocrx_word' id='word_1_241' title='bbox 596 3484 746 3537; x_wconf 89' lang='lat' dir='ltr'>cere</span> <span class='ocrx_word' id='word_1_242' title='bbox 792 3457 1090 3557; x_wconf 83' lang='lat' dir='ltr'>poffint.</span> <span class='ocrx_word' id='word_1_243' title='bbox 1144 3479 1422 3560; x_wconf 76' lang='lat' dir='ltr'>corpora</span> <span class='ocrx_word' id='word_1_244' title='bbox 1470 3470 1785 3562; x_wconf 81' lang='lat' dir='ltr'>organica</span> <span class='ocrx_word' id='word_1_245' title='bbox 1819 3485 2111 3549; x_wconf 87' lang='lat' dir='ltr'>vocant,</span> <span class='ocrx_word' id='word_1_246' title='bbox 2168 3471 2317 3538; x_wconf 80' lang='lat' dir='ltr'>vita</span> <span class='ocrx_word' id='word_1_247' title='bbox 2350 3463 2675 3564; x_wconf 74' lang='lat' dir='ltr'>praedita,</span> <span class='ocrx_word' id='word_1_248' title='bbox 2737 3457 2850 3535; x_wconf 85' lang='lat' dir='ltr'>feu</span> <span class='ocrx_word' id='word_1_249' title='bbox 2884 3482 3041 3554; x_wconf 76' lang='lat' dir='ltr'>quae</span> 
     </span>
     <span class='ocr_line' id='line_1_30' title="bbox 591 3561 3037 3664; baseline -0.002 -27"><span class='ocrx_word' id='word_1_250' title='bbox 591 3561 931 3662; x_wconf 88' lang='lat' dir='ltr'>principio</span> <span class='ocrx_word' id='word_1_251' title='bbox 971 3563 1248 3636; x_wconf 89' lang='lat' dir='ltr'>interno</span> <span class='ocrx_word' id='word_1_252' title='bbox 1289 3565 1536 3662; x_wconf 80' lang='lat' dir='ltr'>agitata</span> <span class='ocrx_word' id='word_1_253' title='bbox 1591 3561 1753 3641; x_wconf 83' lang='lat' dir='ltr'>suos</span> <span class='ocrx_word' id='word_1_254' title='bbox 1806 3585 2041 3642; x_wconf 87' lang='lat' dir='ltr'>motus</span> <span class='ocrx_word' id='word_1_255' title='bbox 2088 3564 2502 3664; x_wconf 88' lang='lat' dir='ltr'>perficiunt,</span> <span class='ocrx_word' id='word_1_256' title='bbox 2576 3563 2739 3639; x_wconf 77' lang='lat' dir='ltr'>sunt</span> <span class='ocrx_word' id='word_1_257' title='bbox 2778 3562 2883 3635; x_wconf 85' lang='lat' dir='ltr'>vel</span> <span class='ocrx_word' id='word_1_258' title='bbox 2918 3586 3037 3632; x_wconf 80' lang='lat' dir='ltr'>ve-</span> 
     </span>
     <span class='ocr_line' id='line_1_31' title="bbox 581 3661 3040 3765; baseline -0.002 -27"><span class='ocrx_word' id='word_1_259' title='bbox 581 3661 901 3763; x_wconf 79' lang='lat' dir='ltr'>getabilia</span> <span class='ocrx_word' id='word_1_260' title='bbox 923 3664 1038 3738; x_wconf 85' lang='lat' dir='ltr'>vel</span> <span class='ocrx_word' id='word_1_261' title='bbox 1058 3664 1396 3740; x_wconf 81' lang='lat' dir='ltr'>animalia.</span> <span class='ocrx_word' id='word_1_262' title='bbox 1503 3663 1890 3746; x_wconf 84' lang='lat' dir='ltr'>Materialia</span> <span class='ocrx_word' id='word_1_263' title='bbox 1928 3669 2337 3746; x_wconf 83' lang='lat' dir='ltr'>alimentum</span> <span class='ocrx_word' id='word_1_264' title='bbox 2374 3667 2809 3765; x_wconf 83' lang='lat' dir='ltr'>suppeditant</span> <span class='ocrx_word' id='word_1_265' title='bbox 2830 3687 3040 3758; x_wconf 81' lang='lat' dir='ltr'>vege·</span> 
     </span>
     <span class='ocr_line' id='line_1_32' title="bbox 591 3761 3037 3866; baseline -0.002 -24"><span class='ocrx_word' id='word_1_266' title='bbox 591 3765 963 3853; x_wconf 84' lang='lat' dir='ltr'>tabilibus‚</span> <span class='ocrx_word' id='word_1_267' title='bbox 1037 3764 1441 3866; x_wconf 78' lang='lat' dir='ltr'>vegetabilia</span> <span class='ocrx_word' id='word_1_268' title='bbox 1489 3768 1946 3858; x_wconf 83' lang='lat' dir='ltr'>animalibus,</span> <span class='ocrx_word' id='word_1_269' title='bbox 2022 3791 2105 3849; x_wconf 89' lang='lat' dir='ltr'>ut</span> <span class='ocrx_word' id='word_1_270' title='bbox 2154 3773 2221 3848; x_wconf 70' lang='lat'>8:</span> <span class='ocrx_word' id='word_1_271' title='bbox 2265 3772 2461 3846; x_wconf 80' lang='lat' dir='ltr'>inter·</span> <span class='ocrx_word' id='word_1_272' title='bbox 2503 3767 2821 3845; x_wconf 84' lang='lat' dir='ltr'>animalia</span> <span class='ocrx_word' id='word_1_273' title='bbox 2854 3761 3037 3848; x_wconf 71' lang='lat' dir='ltr'>finit,</span> 
     </span>
     <span class='ocr_line' id='line_1_33' title="bbox 589 3868 3039 3968; baseline -0.001 -25"><span class='ocrx_word' id='word_1_274' title='bbox 589 3891 746 3962; x_wconf 79' lang='lat' dir='ltr'>quae</span> <span class='ocrx_word' id='word_1_275' title='bbox 779 3868 926 3944; x_wconf 85' lang='lat' dir='ltr'>aliis</span> <span class='ocrx_word' id='word_1_276' title='bbox 969 3868 1041 3945; x_wconf 89' lang='lat' dir='ltr'>in</span> <span class='ocrx_word' id='word_1_277' title='bbox 1077 3871 1584 3951; x_wconf 89' lang='lat' dir='ltr'>nutrimentum</span> <span class='ocrx_word' id='word_1_278' title='bbox 1632 3874 1935 3950; x_wconf 82' lang='lat' dir='ltr'>cedunt=</span> <span class='ocrx_word' id='word_1_279' title='bbox 1990 3873 2311 3950; x_wconf 88' lang='lat' dir='ltr'>animalia</span> <span class='ocrx_word' id='word_1_280' title='bbox 2349 3872 2626 3950; x_wconf 85' lang='lat' dir='ltr'>tandem</span> <span class='ocrx_word' id='word_1_281' title='bbox 2678 3875 2741 3947; x_wconf 81' lang='lat'>&amp;</span> <span class='ocrx_word' id='word_1_282' title='bbox 2784 3870 3039 3968; x_wconf 75' lang='lat' dir='ltr'>plantae</span> 
     </span>
     <span class='ocr_line' id='line_1_34' title="bbox 587 3963 3037 4072; baseline 0.001 -30"><span class='ocrx_word' id='word_1_283' title='bbox 587 3963 730 4046; x_wconf 81' lang='lat' dir='ltr'>suis</span> <span class='ocrx_word' id='word_1_284' title='bbox 765 3971 1172 4062; x_wconf 77' lang='lat' dir='ltr'>muneribus</span> <span class='ocrx_word' id='word_1_285' title='bbox 1216 3969 1453 4050; x_wconf 64' lang='lat' dir='ltr'>funeta</span> <span class='ocrx_word' id='word_1_286' title='bbox 1477 4021 1502 4060; x_wconf 80' lang='lat'><strong>,</strong></span> <span class='ocrx_word' id='word_1_287' title='bbox 1559 3974 1702 4053; x_wconf 84' lang='lat' dir='ltr'>vita</span> <span class='ocrx_word' id='word_1_288' title='bbox 1726 3975 2031 4052; x_wconf 64' lang='lat' dir='ltr'>extincta</span> <span class='ocrx_word' id='word_1_289' title='bbox 2056 4026 2079 4062; x_wconf 88' lang='lat'><strong>,</strong></span> <span class='ocrx_word' id='word_1_290' title='bbox 2135 3999 2258 4072; x_wconf 88' lang='lat' dir='ltr'>per</span> <span class='ocrx_word' id='word_1_291' title='bbox 2284 3976 2467 4051; x_wconf 82' lang='lat' dir='ltr'>vires</span> <span class='ocrx_word' id='word_1_292' title='bbox 2506 3973 2935 4052; x_wconf 78' lang='lat' dir='ltr'>mechanicas</span> <span class='ocrx_word' id='word_1_293' title='bbox 2968 3974 3037 4045; x_wconf 62' lang='grc' dir='ltr'>ἃ</span> 
     </span>
    </p>
   </div>
   <div class='ocr_carea' id='block_1_6' title="bbox 588 4069 3039 4180">
    <p class='ocr_par' dir='ltr' id='par_1_6' title="bbox 588 4069 3039 4180">
     <span class='ocr_line' id='line_1_35' title="bbox 588 4069 3039 4180; baseline -0.003 -26"><span class='ocrx_word' id='word_1_294' title='bbox 588 4091 713 4170; x_wconf 77' lang='lat' dir='ltr'>per</span> <span class='ocrx_word' id='word_1_295' title='bbox 759 4069 1187 4180; x_wconf 77' lang='lat' dir='ltr'>potentiores</span> <span class='ocrx_word' id='word_1_296' title='bbox 1235 4070 1555 4176; x_wconf 74' lang='lat' dir='ltr'>phyfieas</span> <span class='ocrx_word' id='word_1_297' title='bbox 1595 4075 1672 4160; x_wconf 86' lang='lat' dir='ltr'>in</span> <span class='ocrx_word' id='word_1_298' title='bbox 1714 4073 2053 4180; x_wconf 67' lang='lat' dir='ltr'>(implices</span> <span class='ocrx_word' id='word_1_299' title='bbox 2097 4077 2473 4162; x_wconf 83' lang='lat' dir='ltr'>molcculas</span> <span class='ocrx_word' id='word_1_300' title='bbox 2519 4081 2587 4161; x_wconf 68' lang='grc' dir='ltr'>ἃ</span> <span class='ocrx_word' id='word_1_301' title='bbox 2628 4078 2706 4160; x_wconf 85' lang='lat' dir='ltr'>in</span> <span class='ocrx_word' id='word_1_302' title='bbox 2753 4073 3039 4180; x_wconf 83' lang='lat' dir='ltr'>pristina</span> 
     </span>
    </p>
   </div>
  </div>
 </body>
</html>
