3400 4725
1418 127 1972 225 Ἀὶρχιέἐ
2826 153 2877 224 7

405 322 712 400 inventae
758 311 1084 392 veritates
1139 313 1350 393 etiam
1403 320 1596 393 cordi
1645 318 1837 411 lint,
1918 320 2106 417 iique
2158 342 2272 395 eas
2320 318 2670 417 discipulis
2724 317 2866 400 suis
2914 373 3201 435 mam„

405 420 686 499 tradant
732 467 755 502 ,
843 442 932 493 an
989 440 1160 491 vero
1211 416 1329 514 ipli
1375 418 1496 494 sibi
1546 420 1861 500 sufficere
1905 419 2028 498 vifi
2083 422 2382 517 majores
2438 426 2511 499 in
2563 420 2860 500 scientiis
2908 445 3257 513 ntor-affl.

404 516 800 623 progressus
846 544 974 596 nec
1019 516 1141 595 fibi
1185 546 1310 595 nec
1359 519 1708 621 discipulis
1756 524 2154 603 neceisarios
2198 526 2615 602 existiment.
2748 531 2859 605 An

407 625 590 701 ratio
635 623 974 699 doetrinae
1017 619 1098 697 fit
1143 618 1410 708 sobria,
1470 623 1670 713 sana,
1730 625 1985 714 solida,
2060 630 2150 704 ita
2190 644 2269 703 ut
2306 630 2595 711 remotis
2633 631 2863 705 omni·

408 725 546 801 bus
593 726 835 801 naeniis
885 724 1267 821 puerilibus
1329 729 1694 821 proximus
1762 731 1847 805 ad
1912 731 2229 807 veritates
2288 732 2515 807 aditus
2584 752 2855 827 pateat:

418 852 508 905 an
533 850 707 903 vero
730 851 836 905 res
881 852 966 902 eo
1001 829 1432 923 pervenerit,
1490 834 1661 908 utin
1689 828 1979 917 scholis,
2027 831 2354 929 vilipensa
2382 830 2681 908 mascula
2718 832 2857 909 stu·

413 931 692 1007 diorum
738 930 1046 1012 ratione,
1105 956 1261 1027 quae
1299 929 1660 1010 strenuum
1704 936 2010 1013 laborem
2063 936 2382 1031 requirit,
2436 934 2855 1013 &lucubra-

412 1035 642 1109 tiones
681 1082 704 1117 ,
793 1037 860 1110 δι
912 1030 1228 1107 ordinem
1283 1029 1898 1133 philosophicum,
1978 1037 2283 1113 centenis
2340 1034 2847 1111 hodiernorum

407 1131 852 1232 subfidiolis,
901 1133 1159 1235 quibus
1218 1131 1526 1215 scientias
1576 1139 1932 1229 instillari,
2007 1144 2073 1217 ἃ
2130 1136 2297 1215 ludo
2352 1134 2540 1237 quali
2594 1134 2849 1215 addisci

405 1234 592 1337 pofl'e
633 1260 929 1337 putant,
1000 1236 1467 1324 deletstentur,
1527 1244 1592 1319 δι
1653 1242 1743 1318 ita
1803 1248 1875 1320 in
1926 1242 2273 1339 republica
2332 1239 2653 1317 litteraria
2696 1266 2845 1319 non

408 1338 708 1427 heroes,
763 1338 880 1416 sed
922 1339 1439 1417 homunciones
1480 1342 1863 1422 nascantur.
1974 1346 2275 1421 Priorem
2320 1342 2699 1420 studiorum
2732 1368 2843 1419 ra-

404 1444 670 1522 tionem
726 1441 970 1522 sedulo
1027 1440 1460 1531 sectandam,
1516 1446 1962 1545 posteriorem
2000 1469 2228 1523 autem
2273 1445 2623 1523 vitandam
2669 1442 2837 1531 effe,
2953 1465 2958 1471 ·

401 1545 530 1624 nifi
565 1545 882 1625 scientias
907 1547 1146 1625 misera
1173 1548 1482 1626 barbaric
1507 1552 1742 1628 denuo
1774 1552 1977 1631 obrui
2002 1552 2297 1627 velimus
2319 1602 2340 1634 ·
2396 1575 2515 1648 Per
2538 1545 2607 1625 se
2623 1566 2833 1649 patet.

558 1650 923 1746 Qidnam
964 1650 1316 1729 tribuatur
1359 1652 1623 1728 artibus
1666 1654 2049 1730 liberalibus
2108 1652 2247 1730 ssve
2302 1654 2554 1749 pulcris
2588 1703 2608 1736 ,
2677 1676 2834 1750 quae
2880 1653 3255 1737 attamen-

402 1774 681 1853 gratum
726 1755 1037 1853 jungunt
1081 1780 1238 1833 cum
1295 1756 1443 1830 utili
1484 1807 1506 1842 ,
1583 1760 1648 1832 ἃ
1691 1756 2023 1832 delectare
2072 1757 2327 1831 volunt
2368 1758 2433 1831 8ι
2486 1750 2829 1851 prodellb,
3007 1729 3113 1791 ¹²⁸·
3152 1807 3155 1810 -

402 1880 653 1957 resque
699 1877 848 1936 arte
895 1859 1166 1963 vulgari
1208 1859 1523 1935 inventas
1569 1860 1634 1933 Sc
1683 1851 1959 1935 effectas
2004 1854 2329 1955 perficere
2382 1856 2679 1939 docent,
2748 1876 2831 1934 ut

398 1982 481 2035 ea
523 1962 851 2058 voluptas
902 1966 1289 2046 excitetur,
1343 1986 1498 2057 quac
1543 1958 1813 2037 sensum
1860 1962 2076 2059 pulcri
2121 1984 2478 2055 nunquam
2521 1981 2668 2033 non
2712 1983 2829 2034 co-

399 2064 630 2140 mitari
681 2063 899 2141 solete
978 2066 1283 2163 quodvis
1327 2086 1492 2161 ergo
1539 2062 1963 2161 productum
2009 2060 2255 2139 harum
2300 2060 2551 2133 artium
2598 2058 2706 2133 vel
2754 2058 2828 2135 in

403 2181 559 2243 toto
606 2164 737 2247 suo
776 2170 1152 2265 complexu
1191 2169 1299 2244 vel
1345 2191 1467 2261 per
1513 2188 1735 2265 partes
1784 2166 2247 2243 examinatum
2298 2156 2529 2238 sensus
2560 2162 2623 2235 δε
2660 2159 2827 2235 ima-

393 2270 824 2370 ginationem
869 2271 1089 2347 modo
1132 2267 1777 2349 convenientissimo
1812 2263 2081 2345 afficere
2118 2266 2359 2348 debet,
2413 2280 2491 2341 ut
2518 2261 2685 2336 ideae
2712 2260 2823 2335 vel

391 2373 733 2474 imagines
776 2396 990 2473 gratae
1036 2377 1565 2472 imprimantur,
1621 2371 1912 2470 ipsaeque
1950 2373 2133 2449 vires
2160 2371 2402 2446 animae
2434 2362 2821 2462 superiores

391 2498 870 2555 exerceantur.
977 2475 1155 2555 Visu
1215 2482 1281 2555 ἆ
1336 2475 1579 2553 auditu
1635 2495 1906 2553 tantum
1963 2468 2587 2569 repraeseutationes
2630 2464 2820 2560 obje-

397 2585 677 2658 storum
712 2631 735 2668 2
791 2581 1050 2684 quibus
1081 2603 1260 2660 artes
1288 2579 1398 2658 hae
1420 2579 1731 2655 liberales
1770 2577 2089 2675 occupari
2133 2571 2389 2658 solent,
2443 2569 2689 2646 animae
2714 2561 2818 2642 af·

391 2679 742 2765 feruntur.
853 2686 1221 2762 Generalia
1265 2683 1348 2759 ad
1400 2706 1644 2756 omnes
1691 2679 1818 2756 has
1866 2701 2046 2757 artes
2093 2672 2462 2775 spectantia
2508 2672 2581 2746 in
2630 2669 2813 2768 Aefl-

392 2783 651 2874 betica,
687 2787 831 2866 five
859 2784 1132 2866 scientia
1171 2785 1437 2885 pulcri,
1479 2781 1930 2862 exhibentur·
2234 2874 2251 2891 .
2460 2872 2477 2892 ·

546 2890 700 2992 Ipsa
739 2913 971 2970 autem
1003 2914 1212 2987 opera
1241 2891 1492 2965 artium
1522 2887 1914 2983 pulcrarum
1948 2881 2057 2958 vel
2090 2875 2329 2955 auditu
2366 2895 2674 2992 animum
2710 2864 2811 2945 af-

387 2989 682 3084 ficiunt,
739 3020 820 3074 ut
863 2991 1123 3084 Musica
1155 3043 1177 3077 ,
1229 2990 1338 3067 die
1389 2987 1719 3086 Tonkunst
1750 3017 1773 3059 .-
1830 2987 1940 3060 vel
1989 2984 2062 3058 id
2100 2977 2251 3055 visu
2296 2970 2649 3058 efficiunt,
2701 2969 2808 3092 die

381 3096 826 3179 zeichnenden
859 3101 1096 3196 Kie‘nste
1126 3147 1148 3182 ,
1203 3121 1318 3172 ars
1346 3090 1594 3187 scilicet
1618 3085 1976 3188 pingendi,
2012 3074 2355 3197 sculpendi
2373 3127 2395 3160 ,
2449 3077 2519 3150 &
2561 3069 2808 3190 qrchtd
2924 3135 2931 3141 .

383 3203 649 3282 tellum
675 3234 699 3279 .-
775 3205 886 3279 vel
932 3198 1246 3296 loquela,
1291 3199 1589 3273 actione
1628 3193 1877 3270 decora
1918 3191 1984 3264 &
2028 3183 2270 3262 habitu
2311 3175 2657 3273 loquentis
2684 3196 2803 3248 ex·

384 3321 591 3386 terno
632 3303 923 3384 mirifice
962 3304 1194 3399 adjuta
1229 3299 1491 3376 aditum
1537 3296 1626 3372 ad
1673 3293 1984 3371 animum
2032 3301 2271 3385 parant
2296 3331 2319 3366 ,
2368 3295 2551 3400 artes
2578 3292 2803 3354 orato·

378 3414 527 3486 rias
547 3460 572 3496 ,
623 3410 732 3486 die
764 3409 1090 3488 redenden
1127 3409 1364 3504 Kie'rfie
1398 3421 1654 3479 vocant
1673 3450 1696 3485 ,
1750 3395 1893 3473 huc
1931 3416 2098 3492 ergo
2133 3386 2500 3483 eloquentia
2516 3428 2541 3466 ,
2595 3382 2665 3456 ἃ
2680 3399 2800 3453 urs

380 3505 785 3598 theatralis,
857 3513 928 3588 in
965 3535 1101 3610 qua
1137 3527 1316 3586 artes
1358 3505 1499 3581 fere
1536 3523 1780 3576 ornnes
1819 3515 1973 3592 apte
2013 3505 2483 3568 concurrunt,
2510 3485 2605 3600 ,δι
2640 3493 2797 3576 quac

377 3610 546 3688 inde
590 3615 905 3690 animum
958 3614 1030 3688 in
1077 3612 1344 3702 ratione
1387 3605 1631 3682 harum
1669 3594 2045 3677 cauffarum
2090 3605 2653 3668 concurrentium
2695 3575 2811 3654 af·-

375 3708 544 3789 ficit.
655 3714 1121 3813 Subjungitur
1164 3736 1280 3790 ars
1304 3704 1640 3805 firltandi,
1693 3724 1852 3800 quae
1874 3689 2176 3812 ingressu
2188 3741 2211 3778 ,
2264 3686 2434 3764 saltu
2477 3687 2543 3760 &
2576 3678 2795 3800 gestu·

368 3809 458 3888 iis
521 3833 756 3893 autem
817 3815 1112 3914 rhytmo
1161 3819 1228 3893 a
1273 3812 1662 3891 charactere
1700 3823 1859 3901 apte
1912 3794 2215 3878 definitis
2254 3841 2282 3880 ,
2354 3781 2737 3866 absolvitur
2764 3819 2794 3864 0

285 4031 291 4040 ι
364 3914 659 3995 meliora
693 3913 1094 4017 pathemata
1139 3913 1466 4016 exprimit
1503 3911 1571 3992 &
1611 3907 1881 4038 excitat.
