3400 4725
740 338 825 417 3⁶
1555 320 1698 411 bk,
1786 318 1855 410 lt
1946 318 2093 413 δὲ*

1780 510 1957 597 Vll.

809 722 1039 799 Datur
1075 710 1454 795 differentia
1497 715 1680 794 inter
1725 715 1949 792 ideam
1990 767 2014 803 ‚
2096 743 2252 815 quae
2302 741 2425 816 per
2478 716 2716 799 sensus
2769 744 3096 803 externos

663 826 1040 910 excitatur,
1114 827 1176 900 ἃ
1221 822 1404 898 inter
1446 844 1648 906 eam,
1722 846 1879 920 qnae
1934 846 2054 919 per
2104 816 2379 898 sensum
2430 820 3095 925 physiognomicum

657 924 997 1003 nasciturt
1070 925 1176 999 illa
1224 925 1406 998 enim
1460 922 1748 1020 simplex
1799 923 1940 1010 est,
1995 928 2069 1001 in
2118 924 2402 1021 simplici
2455 933 2881 1025 experientia
2930 958 3095 1007 con-

660 1024 862 1111 sistit,
919 1031 979 1101 ἃ
1027 1025 1241 1122 legem
1293 1024 1501 1101 habet
1546 1025 2023 1112 constantem3
2104 1025 2251 1104 haec
2304 1052 2476 1105 vero
2524 1031 2906 1129 compotita
2944 1035 3037 1108 est
3068 1088 3088 1122 ,

657 1154 743 1203 ex
793 1127 1048 1221 judicio
1094 1125 1230 1203 five
1293 1153 1377 1203 ex
1429 1129 1869 1206 connexione
1916 1132 2025 1206 vel
2060 1127 2491 1230 separatione
2529 1134 2852 1214 idearum
2890 1157 3088 1224 nata,

655 1228 936 1328 ejusque
978 1230 1090 1306 lex
1127 1231 1366 1307 variat.
1780 1333 1963 1420 Vlu

663 1538 702 1619 J
804 1531 1054 1612 Sensus
1121 1533 1741 1635 physiognomious
1808 1564 1955 1616 non
2023 1542 2242 1639 potest
2306 1570 2457 1621 non
2505 1543 2631 1623 else
2679 1545 2753 1621 in
2808 1543 3090 1625 diversis

649 1632 1056 1715 hominibus
1101 1637 1454 1715 diversus:

749 1787 848 1878 a)
903 1789 1091 1885 quod
1139 1786 1422 1867 homine
1466 1792 1711 1869 eodem
1764 1820 1803 1870 a
1846 1796 2163 1893 pluribus
2216 1796 2367 1875 viso
2416 1826 2563 1877 non
2612 1802 2869 1878 eaedem
2920 1802 3092 1880 ideae

900 1890 1098 1967 sociae
1137 1894 1317 1989 apud
1373 1900 1698 1991 quemvis
1761 1901 2145 1976 eorundem
2202 1903 2731 2000 producantur,
2810 1902 2923 1981 sed
2974 1933 3091 1981 va-

903 1994 1064 2067 riae:
1122 1995 1590 2073 combinando
1633 2019 1869 2075 autem
1925 2005 2039 2078 vel
2083 2000 2464 2103 separando
2511 2007 2701 2085 ideas
2746 2005 3085 2094 diversas,

901 2093 1168 2172 diversa
1217 2094 1596 2176 nascuntur
1631 2101 1909 2199 judicia.

746 2245 842 2336 b>
894 2249 1106 2343 Qod
1164 2274 1307 2326 non
1355 2276 1599 2330 omnes
1651 2254 1890 2331 eadem
1950 2252 2271 2337 facultate
2303 2261 2659 2359 judicandi
2714 2264 3081 2367 gaudeant.

743 2395 842 2488 c)
894 2402 1108 2494 Quod
1171 2405 1513 2500 appetitus
1581 2391 1991 2496 sensitivus‚
2074 2416 2140 2490 ἂ
2183 2414 2524 2493 aversatio
2568 2415 2890 2496 scnfitiva
2936 2445 3085 2496 non

890 2501 964 2576 in
997 2506 1326 2582 omnibus
1370 2507 1614 2583 eodem
1655 2510 1873 2586 modo
1917 2509 1987 2588 se
2033 2510 2377 2606 habeant,
2440 2521 2754 2621 adeoque
2800 2549 2887 2601 ex
2918 2549 3084 2602 con·

892 2598 1131 2698 speetu
1171 2606 1468 2682 aliorum
1525 2602 1818 2686 affeetus
1854 2613 2031 2687 varii
2070 2615 2460 2694 nascantur.

801 2752 1118 2829 Corollar.
1226 2755 1444 2836 sensu
1497 2760 1743 2836 eodem
1795 2760 2383 2864 physiognomico
2430 2772 2475 2847 ii
2537 2770 2767 2872 itaque
2826 2778 3083 2874 gaude-

644 2869 851 2934 rent,
904 2851 974 2926 in
1007 2854 1262 2948 quibus
1305 2859 1741 2938 conditiones
1792 2891 1877 2950 a,
1932 2865 2017 2951 b,
2073 2897 2152 2955 c,
2208 2871 2489 2967 prorsus
2532 2877 2787 2952 eaedem
2832 2877 3077 2956 effent:

645 2949 1058 3026 rarissimum
1107 2978 1334 3029 autem
1385 2959 1532 3043 est,
1613 2983 1693 3037 ut
1756 2962 1865 3040 hae
1925 2993 2166 3046 omnes
2223 2970 2424 3048 simul
2489 2978 2561 3050 in
2626 2980 2909 3055 duobus
2962 3002 3081 3057 aut

643 3048 959 3144 pluribus
1014 3050 1417 3134 hominibus
1477 3084 1917 3142 concurrant.
2060 3071 2277 3149 Recta
2332 3101 2497 3174 ergo
2540 3073 2676 3153 fuit
2712 3081 2945 3156 nostra
3009 3088 3076 3160 δι

646 3150 937 3226 aliorum
984 3153 1414 3245 observatio,
1473 3163 1634 3238 alibi
1679 3167 1903 3254 dieta,
1958 3171 2471 3267 impressionem
2528 3181 2615 3252 ab
2667 3185 2910 3258 eodem
2943 3184 3075 3260 ho·

643 3249 832 3328 mine
885 3252 958 3328 in
995 3255 1228 3366 plures
1279 3257 1524 3340 saitam
1583 3266 1932 3348 diversum
1972 3271 2231 3353 habere
2280 3272 2608 3358 effectum
2663 3300 2790 3363 cet.

1769 3474 1906 3562 lx.

791 3659 938 3753 Qui
982 3657 1052 3738 se
1099 3664 1356 3744 litteras
1402 3671 1613 3747 animi
1662 3674 1969 3754 indolem
2022 3687 2090 3761 ἃ
2128 3681 2447 3760 habitum
2492 3687 2577 3762 ad
2614 3685 2903 3771 affectus
2946 3695 3070 3770 de-

635 3773 953 3870 notantes
1010 3767 1235 3843 vultui
1296 3768 1646 3868 inscriptas
1693 3779 1920 3876 legere
1968 3793 2276 3879 putant,
2360 3786 2477 3864 seu
2518 3793 2637 3887 qui
2693 3793 2762 3868 se
2822 3795 2949 3873 has
2990 3799 3063 3872 in

635 3858 839 3934 vultu
886 3860 1190 3942 hominis
1248 3865 1636 3966 (impliciter
1681 3878 2051 3959 observare
2095 3910 2464 3966 antumant
2502 3943 2524 3976 ,
2598 3890 2772 3994 saepe
2810 3896 3059 3996 saepius

635 3957 882 4077 vitiurn
934 3960 1392 4061 subreptionis
1434 3980 1931 4072 committunt,
1984 3991 2179 4084 quod
2222 3989 2477 4088 judicia
2523 3990 2645 4074 sua
2684 3998 3058 4080 discufflva

539 4119 544 4123 .
636 4076 796 4134 cum
836 4066 1190 4172 mtuitivis
1211 4069 1672 4184 ’confundans
