3400 4725
1394 288 1536 383 “Ab
1629 294 1697 380 ][
1790 286 1934 383 άέὲ
2714 302 2795 374 1r

1507 496 1588 609 ς.
1710 499 1823 585 v.

589 686 667 763 In
706 688 1054 765 REGNO
1093 684 1504 765 LAPIDEO
1557 687 1805 767 Fodinae
1852 686 2319 772 metallorum,
2402 683 2524 760 nbi
2562 683 2859 767 dantur,
2914 708 3091 785 Regni
3122 703 3279 787 tap'i-
3392 742 3394 745 Δ

438 791 910 870 wanrinandae
965 788 1143 863 sunt.
1251 793 1476 875 Situs,
1547 792 1840 872 matrix3
1924 790 2200 861 minerae
2238 789 2345 862 vel
2382 788 2452 862 in
2501 784 2861 880 superficie
2913 788 3019 843 δεῖ·
3082 787 3279 913 Ῑῖῗόἰῦο

431 893 735 975 telluris,
807 890 913 963 vel
963 890 1029 963 in
1069 890 1305 973 venis-3
1378 914 1716 966 venarum
1761 887 2240 985 profunditas,
2311 888 2711 968 inclinatio,
2756 886 2861 961 di·
2958 865 3103 916 “¹⁸²³
3150 874 3235 917 ⁰²·

435 994 691 1077 restio,
774 988 1095 1063 craffities
1138 1011 1266 1064 cet.
1327 992 1425 1077 l).
1532 984 1795 1065 Modus
1838 990 2140 1063 fodiendi
2180 996 2238 1064 ἃ
2276 986 2684 1063 extrahendi
2712 1012 2857 1061 mc-

427 1094 640 1175 tana,
707 1091 1158 1165 exhauriendi
1208 1116 1416 1186 aquas
1463 1091 1534 1165 in
1581 1088 1839 1164 fodinis
1894 1090 2317 1164 confluentes
2359 1143 2379 1171 ,
2464 1113 2718 1184 easque
2757 1090 2863 1163 in-

429 1193 811 1273 undante-33
889 1183 1222 1263 afferendi
1270 1205 1492 1263 aerem
1541 1189 1881 1263 salubrem
1914 1217 1965 1273 ς,
1998 1189 2135 1283 ipsa
2172 1192 2440 1263 metalla
2475 1190 2854 1274 tundendi,

425 1291 804 1372 torrendi,
882 1287 1219 1363 fundendi
1281 1290 1391 1363 vel
1436 1290 1838 1384 coquendi:
1908 1288 2346 1364 describenda
2402 1290 2858 1365 instrumenta

432 1396 498 1464 ἃ
552 1389 936 1472 machinae,
1004 1392 1068 1461 δι
1109 1386 1348 1473 furni,
1412 1391 1667 1485 quibus
1716 1389 1861 1465 haec
1897 1394 2129 1463 omnia
2172 1389 2587 1465 efficiuntur.
2718 1388 2853 1465 Sed

428 1489 576 1563 haec
619 1491 850 1585 potius
897 1488 983 1561 ad
1029 1490 1191 1563 alias
1231 1492 1584 1586 regiones,
1655 1515 1861 1587 quam
1910 1494 1994 1565 ad
2039 1492 2428 1567 Helvetium
2480 1490 2848 1585 pertinent,

424 1614 582 1663 cum
628 1608 873 1684 praeter
915 1589 1182 1662 fodinas
1219 1586 1377 1665 ferri
1417 1596 1482 1666 δι
1511 1594 1770 1686 aliquas
1818 1593 2063 1687 cupri,
2119 1593 2325 1673 tales,
2377 1616 2531 1687 quae
2568 1592 2849 1665 lucrum

424 1692 723 1765 multum
774 1682 1113 1774 afferunt,
1191 1686 1553 1789 hucusque
1600 1718 1743 1768 non
1795 1692 2075 1768 detec'tae
2121 1690 2392 1767 tuerint.

583 1820 887 1900 Sulimn,
928 1819 1270 1891 Aluminis
1306 1870 1325 1900 ,
1363 1821 1685 1904 Vitrioli,
1748 1822 1933 1894 Nitri
1967 1873 1987 1905 ,
2050 1822 2395 1894 Culinaris
2444 1841 2837 1915 prteparan·
2993 1802 3180 1871 ⁵²¹3&

418 1920 671 1993 dorum
699 1923 892 1992 ratio.
980 1920 1079 1991 lta
1119 1919 1410 1993 alumen
1441 1923 1506 1993 in
1531 1925 1633 1996 M.
1661 1920 2031 1995 Gothardo
2068 1947 2151 1994 ex
2180 1920 2443 1997 Schisto
2472 1924 2839 1993 cxcockum
3231 1929 3234 1931 ’

415 2019 602 2094 fuifl'e
645 2021 1020 2092 novimus:
1107 2020 1388 2093 Nitrum
1443 2020 1810 2095 hinc-inde
1866 2022 1961 2094 sat
2021 2049 2268 2115 magna
2328 2023 2521 2118 copia
2570 2020 2835 2113 parari:

423 2128 488 2197 Sc
528 2124 598 2195 in
639 2123 924 2194 Ditione
967 2118 1411 2195 Berneufium
1471 2122 1694 2199 fontes
1738 2122 1983 2197 salinos
2034 2122 2294 2197 haberi.

568 2250 815 2323 Ptaetcr
861 2244 1007 2320 hzcc
1055 2244 1305 2321 scimus
1361 2250 1695 2343 egregiam
1758 2251 1825 2320 in
1884 2251 2200 2323 Helvetia
2269 2249 2499 2323 nostra
2563 2244 2821 2320 exstare

413 2345 813 2431 officinam,
888 2371 1075 2431 arte,
1144 2348 1470 2424 industria
1513 2403 1532 2433 ,
1611 2353 1675 2424 Sc
1738 2346 2011 2424 scientia
2073 2351 2226 2425 Viri
2284 2342 2823 2446 przenobiliffimi

415 2447 898 2530 ZIEGLERI,
950 2449 1318 2523 Medicina:
1356 2452 1718 2535 ὓοέὶοτίε,
1774 2453 1987 2524 Amici
2024 2454 2156 2525 mei
2196 2451 2653 2545 integerrimi,
2699 2447 2823 2518 Vi-

418 2552 649 2625 todnri
701 2549 1158 2632 exstructam,
1219 2551 1289 2622 in
1338 2575 1473 2645 qua
1514 2571 1656 2624 arte
1708 2552 2107 2625 admiranda
2140 2601 2161 2635 ‚
2228 2555 2293 2624 δ’(
2332 2551 2525 2645 copia
2575 2568 2824 2644 magna
2932 2591 2935 2593 Α
3003 2556 3010 2562 ’

411 2647 689 2744 spiritus
733 2649 949 2732 acidi,
1021 2648 1204 2743 iique
1233 2652 1704 2734 concentrati,
1771 2652 2083 2735 Vitrioli,
2151 2651 2377 2734 Nitri,
2432 2650 2651 2732 Salis3
2710 2651 2827 2720 Sa·

414 2753 582 2826 lium
629 2773 950 2845 praeterea
996 2751 1184 2824 varia
1228 2776 1479 2847 genera
1516 2805 1535 2834 ,
1621 2753 1956 2838 Vitriola,
2023 2754 2314 2829 Alumen
2347 2805 2367 2836 ,
2460 2753 2567 2826 Sal
2626 2747 2828 2822 mira-

414 2852 548 2922 bile
603 2849 936 2924 Glaubcri
969 2900 990 2931 ,
1065 2852 1409 2923 Arcanum
1456 2852 1930 2943 duplicatum,
2003 2855 2334 2928 Tartarus
2391 2851 2821 2930 vitriolatus,

413 2952 520 3026 Sal
545 2949 1107 3045 polychrestum3
1171 2951 1464 3044 Spiritus
1491 2955 1809 3026 ardentes
1837 2953 2111 3046 penitus
2136 2951 2637 3048 dephlegmat1‚
2695 2952 2827 3024 Ae·

405 3050 564 3125 ther
613 3051 1062 3123 Vitriolicus:
1142 3051 1494 3146 Pigmenta
1539 3053 1723 3124 varia
1759 3103 1781 3135 ,
1851 3054 2031 3126 inter
2072 3053 2220 3126 haec
2273 3055 2610 3146 praecipue
2654 3050 2822 3122 viri·
2936 3097 2943 3102 -
2980 3131 2985 3135 ,

409 3152 528 3234 de,
591 3151 782 3246 quod
818 3152 890 3224 in
935 3176 1112 3248 aqua
1161 3152 1272 3224 vel
1316 3147 1577 3224 fervida
1618 3153 1910 3226 omnino
1952 3149 2313 3228 insolubile
2341 3151 2820 3246 tempestatum
2904 3175 2909 3180 ·

407 3251 690 3343 injurias
738 3247 932 3323 facile
980 3249 1155 3332 fert,
1241 3253 1310 3338 &
1354 3267 1624 3324 tanturn
1681 3251 1866 3325 abest
1910 3303 1935 3337 ‚
2021 3273 2101 3326 ut
2168 3253 2255 3325 ab
2322 3253 2407 3328 iis
2466 3269 2819 3332 mutetur.

409 3371 490 3427 ut
541 3353 772 3447 potius
835 3345 1250 3424 increscente
1313 3350 1540 3426 nitore
1587 3351 1889 3425 maxime
1955 3353 2257 3447 placcat,
2328 3375 2453 3426 cet.
2520 3350 2823 3448 genuine

406 3472 762 3545 parantur.
895 3451 1078 3525 Cum
1124 3473 1353 3524 autem
1406 3477 1635 3546 paucae
1669 3450 1904 3526 saltem
1952 3455 2023 3527 in
2069 3457 2350 3548 Europa
2384 3452 2648 3526 exstent
2686 3449 2823 3524 hu-

403 3553 714 3646 jusmodi
755 3551 886 3624 olei
948 3550 1226 3625 Vitrioli
1281 3552 1578 3625 Fabricae
1619 3603 1639 3636 ,
1717 3555 1909 3650 quod
1957 3555 2150 3648 pauci
2202 3573 2473 3628 tantum
2524 3551 2613 3624 ad
2668 3574 2822 3624 eam

406 3649 786 3724 subtilioris
846 3647 1157 3725 Chemize
1217 3649 1681 3746 cognitionem
1749 3654 2147 3749 pertigerint
2194 3703 2216 3736 ,
2293 3678 2450 3748 quae
2494 3651 2581 3724 ad
2618 3647 2822 3745 perfi-

409 3751 729 3826 ciendum
775 3747 1396 3846 praestantiffimum
1437 3747 2056 3850 hujusmodiopus
2094 3754 2508 3849 requiritur,
2569 3754 2637 3826 δι
2665 3773 2822 3844 quae

417 3851 866 3926 occurrendis
911 3855 975 3926 8ι
1012 3851 1332 3926 tollendis
1379 3853 1707 3928 omnibus
1762 3855 1835 3929 in
1895 3855 2251 3941 laboribus
2301 3851 2823 3929 difficultatibus
2898 3922 2919 3928 ,,

2890 2221 3271 2286 Halotechn‘u

2888 2294 3269 2358 Vitudurum·

482 4013 537 4084 1)
576 4013 790 4083 Confer.
828 4016 1046 4084 Differt,
1083 4019 1314 4091 priorem
1363 4037 1486 4094 pag,
1519 4037 1607 4079 20.
1651 4009 1743 4088 zia.
