3400 4725
1411 312 2008 429 'Qxag
2805 370 2889 447 43

447 514 640 619 petui
690 536 1066 593 ventorum
1109 542 1357 617 magna
1405 518 1799 621 superficies
1848 524 2184 603 machinae
2226 547 2669 627 opponatur:
2742 540 2895 635 quis

446 647 664 722 porro
711 619 1088 719 impediet,
1171 625 1548 722 quominus
1595 626 1861 707 fulmen
1914 657 1999 705 ex
2044 632 2230 707 nube
2274 638 2585 713 electrica
2637 636 2709 713 in
2754 666 2895 717 ma-

447 724 727 800 chinam
767 727 836 797 in
875 723 1079 821 iplius
1111 730 1360 803 vicinia
1410 730 1875 810 transeuntem
1919 731 2221 831 prosiliat
2246 790 2269 821 2
2326 764 2615 838 eamque
2650 768 2891 839 percu-

445 827 614 915 tiat,
673 848 753 903 ut
794 827 955 905 alias
999 824 1438 908 difficultates
1488 835 1609 909 vix
1649 861 1960 933 unquam
2002 836 2338 916 tollendas
2373 863 2883 938 praetereamus,

1519 1008 1818 1097 XXIV.

593 1171 675 1247 In
719 1170 958 1247 itinere
1003 1197 1040 1246 a
1097 1169 1518 1257 nobiliffimo
1572 1178 1637 1249 &
1696 1174 2137 1253 audacissimo
2204 1182 2867 1263 Dominocmlt-

433 1274 598 1351 LES
635 1272 960 1368 Phylices
999 1274 1372 1350 Professbre
1399 1330 1418 1359 ,
1496 1278 1608 1351 die
1653 1280 1885 1374 primo
1924 1282 2318 1357 Decembris
2373 1292 2557 1374 1783
2599 1284 2862 1381 suscep-

433 1397 551 1455 to,
628 1378 806 1448 intra
847 1378 1076 1450 decem
1119 1380 1384 1452 minuta
1424 1378 1895 1455 barometrum
1928 1406 1963 1453 a
2000 1385 2358 1475 pollicibus
2407 1394 2499 1468 28
2560 1391 2621 1461 δι
2664 1388 2859 1461 lineis
2934 1443 2941 1449 -

429 1498 737 1571 quatuor
783 1480 864 1550 ad
913 1479 1192 1571 pollices
1239 1488 1320 1563 18
1376 1484 1438 1553 Sc
1487 1482 1695 1555 lineas
1734 1502 1783 1573 4
1826 1482 2207 1567 descendit,
2286 1509 2359 1559 ut
2406 1486 2560 1559 inde
2596 1488 2664 1560 in
2713 1510 2853 1561 tam

428 1579 625 1653 brevi
675 1582 1098 1675 temporead
1129 1581 1557 1655 altitudinem
1610 1601 1803 1675 1524
1846 1583 2350 1679 llcxapedarum
2398 1587 2663 1661 circiter
2693 1640 2713 1670 ‚
2770 1586 2871 1661 su

425 1704 514 1755 ve
563 1701 766 1774 9144
827 1684 1080 1779 pedum
1137 1685 1572 1768 evolaverit,
1659 1692 1720 1767 St
1771 1689 1841 1760 in
1896 1712 1970 1759 ea
2020 1686 2263 1781 preliio
2309 1691 2614 1782 corporis
2658 1685 2754 1763 sui
2807 1714 2846 1763 a

421 1785 734 1880 pondere
789 1782 1260 1877 atmospluerae
1307 1784 1440 1859 fere
1503 1805 1752 1874 15000
1793 1788 1995 1860 libras
2047 1791 2274 1862 minor
2312 1791 2556 1875 fuerit,
2634 1800 2844 1886 quam

419 1887 494 1960 in
533 1884 890 1981 superficie
917 1889 1175 1959 telluris
1202 1939 1220 1969 ‚
1280 1915 1362 1960 ex
1409 1913 1543 1982 qua
1589 1914 1755 1962 mox
1797 1906 1953 1962 ante
1996 1886 2427 1964 ascenderat:
2484 1892 2553 1964 in
2594 1892 2841 1965 eodem

419 1987 617 2063 brevi
683 1989 1014 2086 temporis
1081 1985 1290 2085 spatio
1345 1992 1532 2064 calor
1585 2014 1623 2063 a
1683 1993 1885 2064 tertio
1935 1990 2151 2086 gradu
2202 1990 2377 2064 infra
2436 1994 2837 2088 temperiem

414 2090 614 2183 juxta
653 2090 1228 2165 tliermometrnm
1271 2089 1765 2167 Michelianum
1797 2092 2204 2167 imminutus·
2246 2091 2375 2168 fuit
2415 2095 2497 2167 ad
2540 2095 2833 2191 gradum

423 2210 510 2273 15
572 2201 604 2281 3-
653 2192 828 2267 infra
869 2192 1149 2265 eandem
1201 2193 1598 2287 temperiem
1648 2244 1669 2275 ,
1751 2195 1858 2267 vel
1918 2192 2000 2265 ad
2044 2194 2327 2288 gradum
2368 2197 2689 2288 quintum
2726 2195 2830 2269 in-

411 2290 514 2369 fra
540 2322 627 2390 pn
643 2300 878 2370 netum
909 2296 1441 2389 congelationis:
1475 2296 1627 2390 quis
1654 2319 1793 2368 non
1816 2293 2037 2388 stupet
2057 2294 2137 2367 ad
2165 2292 2337 2369 hanc
2359 2294 2645 2370 subitam
2674 2318 2829 2368 mu-

410 2398 743 2470 tationem
781 2417 916 2469 tam
965 2397 1192 2490 quoad
1239 2395 1512 2489 pondus
1542 2398 1754 2480 aeriS,
1810 2419 1947 2470 tam
1980 2397 2207 2490 quoad
2238 2396 2572 2486 calorem,
2610 2419 2821 2492 qnam

403 2498 790 2590 intrepidus
851 2495 959 2570 hic
1027 2495 1318 2568 Naturae
1388 2498 1745 2571 Scrutatur
1790 2493 1930 2570 fine
1980 2520 2159 2568 noxa
2211 2496 2428 2570 tulit!
2506 2516 2584 2570 ut
2640 2497 2819 2569 vires

402 2597 717 2696 corporis
769 2619 912 2670 non
957 2591 1112 2670 satis
1157 2595 1390 2667 mirari
1433 2595 1806 2689 poffimus‚
1863 2619 2014 2691 quae
2053 2591 2235 2668 hisce
2276 2597 2557 2689 impune
2599 2591 2817 2668 feren-

400 2701 505 2774 dis
568 2695 968 2781 sufficiunt3
1043 2722 1166 2772 nec
1222 2693 1469 2772 Virum
1536 2695 2029 2772 nobililsimum
2101 2696 2171 2769 in
2223 2693 2350 2770 hac
2397 2695 2811 2778 altitudine,

401 2825 646 2874 omncs
690 2801 984 2894 Europae
1035 2818 1306 2872 montes
1354 2797 1756 2894 superante,
1830 2800 2029 2873 anxie
2065 2793 2393 2892 rel'pirmse
2442 2817 2803 2877 narratur,

397 2900 585 2996 qnod
614 2901 694 2971 iis
719 2947 740 2980 ‚
765 2988 769 2992 η
794 2901 917 2992 qui
957 2899 1232 2972 altiores
1287 2921 1555 2972 montes
1597 2895 2063 2975 conscendunt
2088 2947 2109 2978 ‚
2157 2919 2300 2970 non
2336 2919 2491 2970 raro
2520 2894 2793 2974 accidit.

392 3021 474 3074 ut
522 3001 587 3073 &
633 2998 841 3072 animi
889 2997 1228 3092 deliquia,
1308 3001 1371 3071 &-
1423 2996 1862 3094 haemoptoen
1914 2995 2082 3091 paffi·
2116 2992 2367 3068 fuerint
2397 3043 2423 3080 ,
2491 3019 2647 3090 qnae
2678 3017 2803 3066 au·
2913 3060 2918 3065 .

387 3122 526 3174 tem
577 3098 752 3171 mala
793 3099 1024 3192 potius
1069 3121 1107 3170 a
1153 3098 1602 3172 contentione
1639 3094 1985 3182 ascensus,
2042 3097 2105 3168 8<
2160 3094 2243 3168 ad
2293 3089 2643 3170 summum
2688 3092 2797 3166 in·

384 3197 590 3274 tenfis
630 3199 894 3272 viribus
935 3194 1394 3291 respirationis
1424 3248 1445 3280 ‚
1500 3223 1706 3292 quam
1754 3225 1793 3272 a
1842 3196 1981 3272 sola
2040 3197 2315 3270 levitate
2348 3196 2519 3271 a'e‘ris
2558 3192 2791 3288 superi

383 3299 620 3374 venire
666 3297 1039 3383 videntur,
1117 3299 1544 3375 CHARLES
1594 3320 1826 3374 autem
1884 3301 1953 3372 in
2024 3316 2285 3370 tantam
2360 3294 2789 3374 altitudinem

381 3403 454 3479 in
501 3399 752 3499 cymba
804 3398 922 3478 sua
974 3399 1247 3499 quietus
1293 3395 1530 3475 sedens
1585 3405 1867 3477 evectus
1916 3397 2065 3476 suit.
