3400 4725
1379 240 1527 339 Ἀ,
1616 248 1696 337 >C
1772 244 1933 339 a&
2744 282 2821 355 τι

375 452 535 513 tur:
609 427 1020 527 huiusmodi
1064 430 1256 516 loca,
1333 434 1417 507 ad
1466 462 1618 533 quae
1667 437 1899 532 plures
1941 462 2430 530 concurrunt,
2489 442 2647 524 stmt
2700 452 2822 529 ubi

379 556 765 614 concentus
797 532 1029 609 mulici
1077 534 1458 629 habentur,
1516 540 1787 615 clioteae
1830 540 2187 619 ducuntur
2216 600 2237 631 ,
2294 550 2813 631 deambulatum

376 642 559 717 itur:
633 664 758 714 nec
803 635 1081 712 difficile
1123 645 1248 715 erit
1294 645 1923 735 peregrinantibus,
2002 653 2415 747 compellare
2452 649 2760 733 affabiles
2790 710 2813 746 ,

373 742 554 817 bene
599 740 1086 817 conversantes
1117 794 1133 818 .
1165 746 1174 755 '
1205 770 1362 819 cum
1413 749 1488 818 iis
1529 743 1909 837 sermonem
1958 750 2271 829 conferre
2304 808 2325 837 ,
2399 760 2467 831 ἆ
2508 760 2811 856 aliquam

371 848 741 922 amicitiam
805 845 1236 922 contrahere.
1363 850 1570 924 Adire
1608 852 1827 946 juvat.
1857 853 2062 927 Viros
2112 860 2369 933 meritis
2405 857 2541 935 suis
2580 858 2695 937 vel
2732 864 2807 941 in

357 974 518 1026 rem
577 950 922 1045 publicam
978 951 1083 1023 vel
1149 951 1542 1025 litterariam
1595 952 2045 1049 conspicuos,
2138 965 2201 1035 ἃ
2257 965 2597 1058 pia-cipue
2642 991 2798 1052 eos,

372 1055 492 1149 qui
526 1054 702 1125 idem
745 1055 905 1127 vitae
947 1075 1168 1146 gent-s
1228 1056 1523 1147 amplexi
1575 1056 1814 1131 studiis
1852 1055 2177 1137 fimilibus
2232 1068 2669 1151 detinentur,
2726 1072 2795 1143 ἃ

364 1155 486 1253 qui
531 1156 763 1229 varios
816 1155 1040 1229 dictos
1073 1153 1430 1232 thesauros
1469 1157 1827 1255 pollident.
1957 1163 2056 1235 Ad
2102 1162 2228 1238 lios
2264 1167 2563 1240 modeste
2606 1192 2794 1241 aece-

362 1258 483 1333 das
511 1259 846 1357 Juvenis,
906 1260 1012 1332 vel
1045 1260 1341 1335 Helvetii
1367 1261 1614 1346 titulo,
1671 1262 1780 1336 vel
1830 1262 2063 1340 litteris
2106 1267 2394 1343 aliorum
2436 1295 2791 1347 commen·

359 1360 610 1447 datm,
687 1365 920 1457 potius
963 1358 1308 1446 discendi,
1387 1388 1707 1462 novaque
1757 1364 2083 1451 videndi,
2159 1374 2219 1444 8<
2271 1372 2783 1447 aestimationem

357 1469 548 1539 t'uain
605 1461 787 1539 hisce
851 1464 1028 1539 Viris
1079 1466 1582 1561 comprobandi
1631 1470 1845 1566 gratia
1876 1519 1895 1551 ,
1950 1494 2153 1564 quam
2190 1490 2267 1547 ut
2308 1474 2418 1557 id,
2472 1476 2658 1570 quod
2699 1495 2779 1550 tu

317 1562 522 1653 scis,
583 1570 688 1644 vel
741 1564 906 1643 scire
943 1592 1180 1663 putas,
1260 1568 1555 1645 ostentes
1599 1597 1617 1643 t
1701 1568 2242 1648 conversationis
2288 1597 2777 1671 argumentum

353 1673 439 1746 ab
480 1670 639 1768 ipsis
686 1672 792 1747 his
833 1673 1012 1747 Viris
1048 1669 1467 1770 exspectabis
1494 1725 1512 1757 ,
1572 1673 1679 1748 vel
1728 1677 1791 1751 sc
1846 1694 1920 1749 tu
1969 1676 2457 1773 quaestionibus
2487 1678 2623 1755 tuis
2662 1673 2777 1755 de}-

267 1834 271 1841 .
351 1794 586 1847 center
622 1773 908 1871 prolatis
953 1766 1242 1847 offeres:
1319 1799 1444 1848 nec
1475 1775 1769 1871 longiori
1798 1778 1972 1871 apud
2010 1776 2138 1851 hos
2168 1778 2424 1860 Virus,
2480 1781 2772 1875 quinon

343 1876 413 1951 in
455 1878 644 1961 otio,
720 1876 830 1951 sed
884 1878 948 1951 in
1001 1902 1290 1953 munere
1334 1874 1461 1951 suo
1512 1874 1913 1962 versantur,
1992 1902 2185 1953 mora
2230 1878 2553 1956 molestus
2594 1883 2769 1971 eri3‚
2851 1870 2857 1874 ’

341 1974 454 2055 sed
505 2000 778 2056 tantum
833 1980 1165 2057 invitatus·
1212 1982 1419 2056 altera
1457 1981 1604 2055 vice
1647 1980 1892 2054 redibis·
1939 2006 1957 2053 ε
2037 2006 2239 2065 cave,
2298 1984 2485 2078 quod
2532 1983 2765 2059 denuo

341 2084 795 2179 repetendum
849 2086 936 2158 cll
989 2087 1105 2172 (§.
1140 2092 1203 2157 6.
1234 2089 1300 2172 ),
1359 2082 1636 2156 liberius
1683 2082 1765 2155 ‹le
1810 2084 2151 2180 regiminis
2196 2082 2417 2160 forma
2454 2087 2764 2162 animum

150 2206 154 2211 ’
235 2263 239 2267 ⁴
315 2204 546 2260 2tuum
594 2186 894 2281 aperias,
954 2208 1224 2259 memor
1255 2188 1317 2259 δε
1348 2183 1470 2259 tibi
1505 2182 1769 2281 legibus
1805 2186 2095 2259 civitatis
2120 2183 2583 2260 obediendum
2612 2183 2758 2271 esse,

337 2288 409 2364 in
450 2315 584 2386 qua
626 2286 868 2380 hospes
901 2289 1101 2364 vivis.
1212 2284 1288 2359 Id
1329 2294 1390 2364 &t
1435 2287 1684 2361 addere
1723 2288 1957 2379 juvat,
2015 2314 2157 2363 non
2206 2314 2361 2363 raro
2399 2288 2469 2363 in
2514 2286 2764 2363 biblio·

334 2394 544 2488 poliis
587 2401 646 2468 δ’(
687 2391 1311 2486 pharmacopoliis,
1393 2416 1536 2485 quo
1585 2390 1666 2462 ad
1714 2414 1855 2461 rem
1896 2391 2332 2472 litterariam,
2407 2417 2479 2462 er
2536 2391 2759 2474 ditos,

334 2493 688 2568 historiam
725 2495 1109 2569 naturalem
1150 2493 1437 2588 ejusque
1482 2491 1781 2565 cultores
1831 2491 2017 2562 varia
2068 2417 2528 2584 comperiencri
2563 2515 2757 2565 occa·

333 2593 595 2671 fionem
643 2596 807 2669 dari.
949 2597 1098 2671 Nec
1145 2595 1377 2668 minus
1441 2595 1654 2666 multa
1707 2618 1791 2666 ex
1842 2593 2127 2688 publicis
2188 2591 2621 2666 sermonibus
2670 2592 2754 2666 de

329 2699 716 2790 litterarum
761 2698 1099 2795 praecipue
1136 2691 1684 2792 theologicarum
1719 2693 1937 2779 statu,
1994 2693 2077 2768 tle
2126 2695 2325 2792 genio
2380 2696 2443 2770 8,-
2478 2693 2564 2770 de
2607 2718 2756 2770 mo-

329 2799 528 2877 ribus
559 2800 761 2874 seculi
808 2797 1128 2897 cognosci
1171 2798 1445 2894 poll'unt
1474 2848 1495 2879 ,
1554 2819 1630 2870 ut
1667 2822 1810 2871 non
1850 2794 1987 2868 fine
2027 2794 2685 2872 fructuaudiantur.

485 2904 635 2980 Alia
674 2903 766 2977 est
810 2897 1262 2978 conversandi
1309 2902 1480 2972 ratio
1521 2899 1588 2973 in
1640 2923 1804 2995 agro
1833 2921 1988 2970 cum
2020 2897 2146 2979 iis,
2202 2898 2319 2992 qui
2358 2899 2431 2969 in
2478 2898 2586 2971 via
2622 2895 2747 2970 ob·
2854 2915 2911 2974 ia
2945 2933 3105 2987 agr..

328 3004 513 3080 viam
558 3007 855 3080 veniunt
893 3057 913 3086 ,
969 3003 1035 3077 in
1085 2997 1513 3081 diversoriis,
1573 3007 1634 3074 el:
1682 3023 1838 3073 cum
1892 2999 2133 3072 incolis
2168 3021 2497 3094 pagorum
2545 3002 2608 3074 δι
2656 2999 2749 3071 al..

327 3107 576 3202 pium:
654 3133 742 3181 ne
788 3125 1017 3179 autem
1062 3104 1130 3178 in
1193 3125 1492 3175 mentem
1527 3119 1728 3173 tuam
1790 3101 2044 3172 incidat
2087 3099 2331 3172 Viator
2367 3099 2641 3190 juvenis
2677 3119 2745 3174 te
2840 3113 2842 3116 ⁴

325 3205 522 3284 facile
557 3209 792 3285 animo
830 3207 1186 3306 indulgere
1222 3256 1240 3286 ,
1301 3206 1364 3277 ἃ
1405 3227 1559 3276 cum
1603 3198 1810 3295 hujus
1850 3196 2064 3274 claffis
2103 3197 2505 3273 hominibus
2537 3199 2744 3274 cavil·
2800 3241 2802 3244 <

326 3305 458 3385 lari
505 3315 568 3389 &
598 3313 816 3407 'jocari
855 3305 1073 3406 porse,
1129 3301 1254 3382 nifi
1294 3305 1458 3377 velis
1495 3303 1580 3378 ab
1632 3303 1770 3384 his,
1829 3305 1943 3400 qui
1986 3304 2213 3396 jocum
2263 3325 2403 3376 non
2438 3298 2593 3378 satis
2634 3302 2739 3376 in-
2854 3330 2860 3336 ·

325 3415 654 3513 telligunt
685 3467 707 3499 ,
763 3415 1028 3488 ruditer
1075 3410 1334 3504 excipi,
1415 3411 1475 3482 Sc
1512 3406 1681 3480 male
1720 3403 2007 3480 fustibus
2056 3400 2419 3479 mulctari:
2490 3405 2734 3480 decen-

323 3533 432 3590 ter
470 3521 706 3613 itaque
753 3522 820 3593 &
861 3515 1152 3590 civiliter
1189 3515 1256 3585 ἃ
1284 3505 1767 3605 circumspecte
1802 3533 1958 3582 cum
2000 3507 2259 3580 rusticis
2300 3505 2533 3578 vivere
2566 3528 2733 3582 con·

323 3620 520 3694 venit
555 3670 576 3704 ,
653 3639 776 3702 ut,
853 3612 1273 3697 sisentiant,
1345 3611 1530 3685 bona
1570 3636 1727 3685 cum
1777 3607 1931 3706 ipsis
1977 3604 2115 3684 fide
2155 3608 2298 3705 agi,
2372 3623 2611 3702 aperte⁸
2642 3606 2729 3678 de
2786 3687 2829 3696 ..

321 3742 398 3794 re
426 3717 550 3795 sua
583 3720 847 3817 agraria
880 3723 946 3796 ἃ.
977 3713 1402 3794 oeconomica
1435 3709 1945 3789 observationes
1988 3707 2135 3786 suas
2174 3707 2723 3784 communicent:

321 3823 389 3896 ἃ
432 3841 575 3894 tam
619 3822 851 3906 varia,
909 3826 970 3897 ἃ
1025 3843 1214 3895 nova
1257 3817 1426 3912 saepe
1472 3822 1534 3891 δι
1582 3815 1769 3915 utilia
1805 3811 2005 3897 sunt,
2058 3836 2211 3908 quae
2260 3811 2412 3904 quis
2448 3835 2490 3884 a
2530 3807 2726 3884 rusti-

320 3923 418 3998 cis
466 3922 769 4018 accipere
804 3922 1070 4020 potest,
1129 3927 1207 3998 ut
1253 3913 1677 3996 conversatio
1718 3941 1873 3990 cum
1903 3916 1983 3991 iis
2030 3913 2201 3988 male
2229 3910 2720 4009 negligereturz

300 4023 407 4102 ⁴ad
446 4045 684 4104 veram
721 4023 1066 4124 praecipue
1102 4023 1633 4123 oblectationem
1670 4015 1873 4104 facit,
1954 4021 2021 4096 &
2080 4015 2485 4098 utilitatem,
2560 4029 2724 4088 enin
2800 4059 2803 4062 ·
