3400 4725
550 1965 764 2052 fimo
802 2029 830 2073 ,
912 1970 992 2057 &
1058 1964 1665 2083 benignisfimo
1726 1965 2192 2083 plurimum
2250 1991 2619 2086 augetur
2679 1968 2761 2056 8<
2825 1968 3175 2085 perfici-

562 334 822 404 tatem
893 300 1520 425 praestantissimi
1575 299 1751 393 salis
1808 277 2171 421 gemma}
2230 298 2409 392 sere
2461 298 2837 394 accedat.
2909 307 3189 417 Quem

562 474 922 598 quidem
987 474 1458 565 maximum
1523 470 2016 560 thesaurum
2067 534 2098 581 ,
2205 493 2305 561 ut
2364 470 2836 562 commode
2894 475 2973 563 δι
3029 499 3185 591 pro

561 640 848 734 lubitu
928 638 1276 731 lustrare
1350 634 1854 758 possemus,
1942 638 2317 757 gratiose
2392 636 2934 757 suppeditasti
2980 702 3010 747 ,
3098 641 3179 729 &

560 810 896 930 aliquot
977 828 1427 896 antrorum
1509 807 2015 895 interiorum
2066 870 2096 915 ,
2211 797 2733 891 Saueru‘erker
2800 828 3181 913 vocant,

3357 1010 3360 1041 -
3348 944 3361 1007 .-d-
3355 788 3360 941 ——.——--
3358 762 3360 783 —
3357 740 3360 757 .-

561 976 670 1065 ab
731 972 1080 1063 admissa
1139 998 1365 1092 aqua
1425 969 1677 1060 salem
1739 970 2121 1063 solvente
2167 1038 2195 1085 ,
2302 1001 2490 1093 quae
2569 966 2889 1060 eodem
2962 970 3185 1061 satu·

560 1166 733 1233 rata
785 1138 988 1229 dein
1049 1137 1157 1227 ad
1221 1136 1544 1227 lebetes
1604 1136 2091 1248 derivatur,
2154 1161 2818 1249 excavatorum‚
2896 1138 3186 1227 hono-

557 1307 666 1395 ris
731 1306 814 1397 &
873 1302 1476 1395 obleelamenti
1532 1303 1797 1420 gratia
1855 1303 2300 1393 illuminari
2360 1305 2673 1425 jufflsti.

725 1472 1152 1581 Quamvis
1229 1492 1518 1573 autem
1586 1469 1732 1557 -vel
1796 1470 1968 1559 haec
2028 1469 2261 1560 dona
2320 1476 2664 1561 Naturae
2718 1473 2889 1591 jam
2950 1468 3181 1558 mul-

553 1662 738 1727 tum
819 1635 929 1725 ad
995 1633 1475 1726 felicitatem
1548 1604 2054 1723 lncolarum'
2113 1638 2509 1756 Regionis
2584 1636 3179 1752 Berchtolsga-

554 1800 1310 1911 dcnfisafferant,
1406 1824 1690 1889 tamen
1752 1832 1851 1890 ea
1912 1804 2351 1921 Regimine
2413 1803 2688 1891 TUO
2744 1798 3177 1919 sapientifi-

547 2152 685 2217 tur
740 2194 766 2236 ,
856 2131 965 2216 ita
1046 2150 1140 2215 ut
1216 2124 1566 2215 subditis
1642 2129 1909 2217 Tuls‘
1980 2132 2210 2217 bona
2288 2134 2603 2246 quaevis
2666 2135 2749 2219 &
2810 2130 3172 2216 honesta

298 2308 301 2313 ’
395 2409 397 2413 ¹
546 2294 834 2412 potius
909 2289 1334 2418 suadere,
1400 2322 1701 2408 :quam
1781 2290 2111 2381 eosad
2192 2318 2290 2402 ea
2373 2291 2765 2382 feei-anda
2844 2319 3169 2410 cogere
3260 2364 3264 2368 ,

471 2477 474 2481 ’
553 2457 976 2562 videaris3
1051 2457 1390 2574 hosque¹
1452 2457 1812 2544 TUOS
1873 2456 2258 2545 subditos
2317 2459 2530 2546 TlBl
2584 2486 2803 2548 curae
2864 2453 3164 2566 cordi-
3351 2535 3360 2632 1

553 2653 726 2743 quc
786 2622 949 2712 effe
992 2686 1020 2730 ,
1117 2623 1439 2738 TEque
1512 2623 1604 2708 iis
1681 2651 1862 2709 non
1940 2619 2197 2711 duras
2274 2623 2356 2711 &
2428 2620 2770 2710 acerbas
2843 2619 3163 2709 condi-
3352 2659 3360 2830 4

545 2793 819 2879 tiones
878 2791 1394 2905 imponere,
1496 2784 1635 2874 sed
1714 2814 1863 2874 eos
1934 2788 2397 2876 clementer
2458 2783 2963 2874 Liberorum
3024 2785 3171 2870 in·-
3320 2779 3360 2946 ’1

545 2956 701 3042 star
760 2951 1256 3059 sublevare,
1356 2949 1735 3068 ipsorum
1796 2950 2359 3068 prosperitas,
2458 2950 2541 3038 8(
2605 2945 3079 3060 formositas
3119 3014 3150 3058 ,

551 3121 635 3210 &
712 3112 998 3206 bonus
1073 3115 1474 3222 habitus,
1570 3116 1656 3203 81
1734 3140 2017 3203 mores
2099 3111 2510 3228 simplices
2570 3142 2617 3199 a
2674 3113 2889 3201 luxu
2950 3111 3157 3201 alie·
3356 3089 3360 3144 ¹

545 3278 856 3368 nissimi
891 3346 922 3390 ,
1002 3304 1270 3400 quem
1327 3279 1485 3364 TU
1545 3305 1592 3363 a
1650 3274 1867 3364 felici
1936 3279 2171 3366 TUA
2231 3282 2612 3395 Regione
2667 3304 2950 3384 arces,
3033 3274 3153 3364 sat
3257 3269 3261 3272 ’
3357 3347 3360 3402 3

396 3493 403 3503 ·
547 3444 977 3564 superque
1054 3441 1585 3532 ostendum·
1679 3442 1980 3529 Peritia
2053 3442 2548 3530 TUORUM
2612 3422 3155 3529 subditorum
3236 3543 3242 3547 ι
3357 3403 3360 3506 ἶ

543 3609 630 3693 in
694 3606 1223 3719 scindendo,
1317 3602 1785 3724 sculpendo
1831 3669 1883 3714 ,,
1943 3604 2374 3694 tornando
2436 3609 2520 3698 &
2559 3603 2850 3734 ‚ebore
2910 3565 3011 3710 &.
3053 3603 3157 3690 li·-
3357 3573 3360 3646 ἶ

545 3785 795 3889 gno,
891 3777 974 3864 &
1038 3772 1239 3863 inde
1299 3767 1691 3892 parandis
1750 3771 1993 3858 variis
2050 3769 2606 3880 utenfilibuS‚
2703 3767 3163 3894 operibus·

542 3963 722 4052 que
797 3935 1270 4058 majoribus
1347 3940 1435 4029 &
1510 3933 1993 4026 minoribus
2067 3933 2261 4021 artis
2297 3989 2331 4042 ,-
2418 3930 2571 4022 diu
2654 3891 2823 4046 jam
2900 3931 3164 4029 inno-
