3400 4725
1103 244 1107 249 ·
1192 356 2765 504 REVERENDISSIME

1857 688 2039 778 Ac

903 900 1929 1086 CElesSIME
2060 943 3017 1105 PRINCEPS!

629 1670 1317 1989 Cogitationi
1404 1890 1612 1950 meae
1699 1858 2089 1971 subiisse,
2200 1882 2301 1952 ut
2384 1861 2829 1980 epistolam
2909 1860 3019 1951 ad
3088 1859 3216 1948 TE

615 2004 1246 2143 CELSISSIME
1309 2014 1841 2113 PRlNCEPS
1894 2025 2188 2113 leviori
2246 2026 2449 2113 huic
2512 2026 2807 2143 opellae
2867 2026 3213 2144 praemit-

609 2206 788 2272 tere
847 2184 1293 2291 auderem,
1355 2184 1440 2269 id
1504 2187 1927 2299 pluribuS,
1994 2187 2316 2302 quibus
2377 2216 2474 2272 ca
2532 2188 2641 2274 ad
2705 2217 3011 2275 manus
3069 2210 3213 2273 ve-

607 2349 836 2458 niet,
919 2347 1232 2436 mirum
1297 2350 1378 2439 &
1443 2347 1690 2437 nimis
1751 2344 1972 2436 forte
2034 2343 2431 2437 familiare
2492 2344 2981 2438 videbitur:
3077 2344 3206 2436 sed

601 2513 950 2632 iniquus
1043 2512 1670 2635 essem-magni
1761 2514 1845 2603 &
1928 2513 2530 2632 generofissimi
2632 2515 2906 2603 Animi
2986 2512 3203 2602 Tm

443 2674 445 2678 ’
601 2680 1085 2787 aestimator,
1169 2708 1440 2797 quem
1503 2677 1706 2766 mihi
1770 2705 2050 2795 nuper
2109 2676 2580 2785 ostendisti,
2658 2678 2713 2764 si
2768 2677 2902 2766 vei
2966 2676 3203 2795 paui-

598 2843 844 2960 lisper
901 2841 1434 2950 dubitarem,
1499 2846 1710 2958 quin
1774 2844 1927 2934 TU
1993 2844 2617 2931 CELSISSIME
2680 2841 3197 2932 PRINCEPS
3314 2931 3319 2936 .

593 3034 783 3096 eam
845 3004 1216 3122 benigne
1280 3006 1364 3095 &
1425 3003 1888 3095 clementer
1946 3031 2453 3124 accepturus
2512 3007 2639 3096 fis.
2718 3112 2723 3116 ,
3096 3109 3103 3116 ,

733 3175 876 3260 De
932 3168 1375 3260 itineribus
1433 3191 1769 3259 tantum
1830 3167 2095 3284 muira
2154 3170 2417 3259 verba
2478 3167 2803 3275 facere,
2858 3195 3023 3273 nee
3080 3195 3195 3260 ta·
3313 3287 3316 3296 y

591 3337 697 3426 iia
754 3334 1136 3452 ingredi,
1200 3362 1403 3426 cum
1463 3333 1664 3423 mihi
1728 3330 2148 3422 absonum
2210 3333 2481 3422 visum
2539 3332 2837 3446 fuerit,
2897 3336 3193 3426 uitimo

587 3496 880 3590 mense
929 3499 1329 3619 Augusto
1391 3528 1592 3588 cum
1650 3500 1961 3588 Amicis
2026 3473 2545 3588 ιιεσιεκο
2612 3503 2696 3592 8(
2761 3495 3183 3592 emisio
3305 3515 3310 3626 j

588 3665 675 3750 in
739 3666 1129 3780 regiones
1193 3666 1602 3753 Helvetiae
1660 3665 2140 3778 adjacentes
2199 3666 2710 3775 excucurri,
2770 3668 2858 3753 in
2918 3667 3194 3787 Tyro·
3301 3629 3308 3766 1Ι

585 3825 952 3938 lensem,
1015 3827 1379 3918 traaum
1440 3830 1999 3940 Bavarienfis,
2060 3826 2751 3947 Salisburgenfis,
2811 3852 2910 3919 ut
2966 3830 3054 3921 81
3109 3829 3186 3914 in
3274 3796 3280 3801 ⁵

585 3991 1494 4115 Berchtolsgadensem
1553 3997 1931 4106 TUAM,
2010 3991 2504 4113 persuasum
2560 3977 2941 4102 habens,
3021 3995 3189 4078 Na-
