3400 4725
705 254 788 335 ης
1491 216 2037 320 Qud&

612 430 770 509 dem
815 414 1117 501 actiones
1153 412 1438 494 comites
1478 408 1751 491 habeat.
1835 406 2109 489 oscitat
2154 433 2344 487 unus
2374 463 2395 496 ,
2456 406 2699 489 oscitat
2738 417 2805 493 8:
2858 416 3052 495 alten

611 534 718 615 Ut
774 524 1154 608 ridentibus
1207 516 1505 605 arridet,
1587 516 1681 595 ita
1730 510 2054 597 flentibus
2116 513 2372 592 adflent
2438 514 2733 595 humani
2786 520 3047 599 vultus.

614 637 724 718 Ab
772 630 903 710 hac
952 620 1382 727 sympathia,
1458 640 1542 700 ut
1583 622 1650 701 &
1699 619 1787 699 ab
1842 617 2159 698 imitandi
2208 616 2437 696 studio
2496 622 2564 698 δι
2618 641 2923 709 conatu,
2982 627 3053 702 in

615 732 1020 817 hominibus
1065 755 1141 807 ac
1185 723 1597 803 animalibus
1654 720 2017 803 manifesto
2056 774 2078 807 ,
2155 722 2423 837 venire·
2458 722 2778 811 videtur,
2857 729 3052 823 quod

618 840 982 923 homines,
1037 832 1352 933 quicum
1397 824 1549 907 aliis
1603 827 1674 907 in
1718 829 1955 909 eadem
2006 823 2327 905 societate
2380 822 2537 907 latis
2592 828 2713 907 diu
2756 830 3046 920 vivunt,

609 942 782 1046 saepe
824 962 1065 1017 eorum
1100 934 1446 1037 gestibus,
1517 929 2157 1037 gesticulationibus
2206 927 2567 1016 affucfiant
2610 986 2633 1023 ,
2721 934 2909 1013 &ita
2934 963 3047 1013 co-

607 1070 763 1127 rum
812 1041 1128 1123 habitum
1189 1036 1378 1141 quali
1437 1038 1755 1118 induant.

1718 1215 1900 1305 XV.

763 1403 1168 1510 Antipathia
1213 1405 1309 1483 est
1353 1400 1747 1505 oppositum
1791 1402 2252 1503 sympathiae;
2310 1400 2589 1481 definiri
2653 1405 2876 1502 potest
2937 1431 3051 1500 per

613 1514 950 1593 rationem
1001 1508 1466 1589 sensationum
1515 1503 1899 1596 diversam,
1982 1534 2119 1607 qua
2157 1504 2404 1597 scilicet
2438 1533 2624 1585 unus
2658 1510 2865 1585 alium
2908 1509 3053 1584 l'cn·

609 1615 868 1695 satione
917 1610 1246 1691 affectum
1291 1614 1538 1689 videns
1569 1667 1591 1699 ‚
1651 1640 1798 1689 non
1840 1614 2076 1689 eadem
2123 1610 2325 1689 fimul
2369 1610 2713 1698 afficitur,
2768 1611 2881 1687 sed
2932 1640 3055 1708 po.

611 1719 748 1798 tius
786 1715 1118 1819 opposita.
1226 1718 1557 1797 Oderunt
1599 1714 1891 1793 hilarem
1935 1714 2196 1802 tristes,
2253 1715 2654 1813 tristemque
2708 1712 2945 1813 jocosi.

1741 1911 1960 2001 XVI.

759 2099 935 2177 Non
972 2101 1153 2175 reete
1199 2086 1568 2184 statuitur,
1645 2098 1933 2176 arterias
1988 2096 2234 2172 molles
2277 2094 2345 2172 in
2386 2092 2750 2197 superficie
2788 2098 3055 2177 cerebri

613 2200 954 2301 serpentes
994 2202 1066 2277 in
1106 2199 1368 2277 ossibus
1413 2202 1610 2279 duris
1659 2202 1876 2279 cranii
1920 2198 2310 2298 pulsatione
2350 2200 2471 2278 sua
2518 2255 2539 2288 ‚
2615 2199 2734 2279 seu
2778 2206 3051 2281 actione

611 2306 815 2390 viva,
869 2302 1096 2381 sulcos
1135 2301 1453 2380 formare.
1558 2303 2067 2382 Excavationes
2097 2303 2283 2378 enim
2330 2309 2397 2380 ἃ.
2437 2306 2940 2403 inaequalitatcs
2978 2307 3053 2382 in

610 2408 922 2490 interiori
970 2403 1326 2502 superficie
1367 2407 1629 2493 cranii,
1718 2403 1997 2481 malfam
2046 2407 2311 2481 cerebri
2364 2407 2793 2486 anfractibus
2841 2412 3057 2488 inter-

610 2529 884 2608 ruptam
926 2510 1390 2606 excipientem
1460 2508 1627 2586 sulci
1670 2506 1832 2582 dein
1881 2504 2038 2582 satis
2082 2503 2417 2603 profundi
2448 2561 2471 2596 ,
2550 2511 2626 2585 in
2671 2512 2932 2608 quibus
2974 2509 3053 2598 fi..

613 2637 750 2690 nus
788 2608 1025 2687 venosi
1063 2663 1086 2696 ,
1140 2612 1260 2706 qui
1303 2635 1448 2685 non
1494 2605 1806 2710 pulsant,
1861 2610 2297 2694 decurrunt;
2379 2631 2461 2686 ut
2517 2615 2585 2688 &
2623 2609 2789 2690 sulci
2839 2616 3050 2704 dicti.

614 2715 738 2811 qui
773 2713 1041 2786 arteriis
1089 2712 1470 2807 meningeis
1529 2706 1827 2807 spatium
1894 2711 2553 2797 concedunt,.ideo
2608 2711 3051 2810 formantur,

616 2814 812 2912 quod
854 2812 1324 2890 rudimentum
1357 2813 1575 2909 ‚cranii
1623 2812 1875 2898 molle,
1930 2837 2089 2888 cum
2131 2809 2330 2890 fibris
2377 2809 2585 2913 super
2624 2817 2762 2894 hoc
2802 2845 3054 2898 excur-

621 2913 934 2991 rentibus
973 2965 995 2999 ,
1070 2910 1138 2988 se
1173 2910 1300 2988 sub
1341 2911 1486 3010 ipso
1521 2915 1955 2989 incremento
2008 2914 2095 2989 ad
2148 2915 2273 2991 has
2309 2939 2537 3012 partes
2590 2919 2900 3000 internas
2941 2945 3052 2998 tu-

625 3033 932 3099 mentes,
987 3015 1387 3099 cerebrum,
1446 3012 1670 3102 finus,
1730 3018 2053 3102 arterias,
2104 3020 2561 3105 accomodet,
2618 3047 2731 3098 eas
2758 3025 3048 3111 vestiat,

627 3140 1000 3213 earumque
1035 3114 1330 3194 formam
1373 3111 1689 3205 affectet,
1763 3144 1970 3218 quam
2010 3119 2171 3198 dein
2217 3120 2630 3202 incrementi
2668 3126 3051 3206 terminum

627 3219 995 3316 adeptum,
1047 3223 1118 3296 δι
1161 3219 1568 3299 induratum
1607 3223 1877 3302 retinet.

777 3349 951 3427 Non
989 3373 1155 3448 ergo
1185 3369 1670 3447 argumentum
1701 3355 1929 3441 valet,
1985 3380 2068 3431 eo
2107 3356 2363 3432 certius
2407 3356 2681 3444 videri,
2763 3355 3047 3437 muscu-

627 3448 779 3536 los,
834 3451 950 3550 qui
1001 3452 1072 3527 in
1114 3445 1476 3532 affectibus
1519 3477 1739 3554 agunt
1768 3511 1791 3545 ,
1877 3459 1952 3534 in
1998 3455 2167 3533 facie
2210 3459 2424 3535 lineas
2482 3461 2737 3537 ducere
2782 3487 3056 3561 perma-

631 3571 911 3639 nentes,
964 3577 1121 3653 quae
1165 3553 1478 3636 habitum
1521 3561 1608 3646 ad
1645 3557 1780 3640 hos
1806 3561 2053 3638 illosve
2076 3555 2366 3639 affectus
2391 3559 2789 3661 designent,
2855 3564 3052 3666 quod

629 3655 888 3734 arteriae
934 3659 1176 3738 molles
1213 3659 1386 3739 adeo
1428 3663 1501 3741 in
1543 3666 1781 3744 cranio
1825 3666 2007 3742 duro
2041 3662 2269 3742 fitlcos
2310 3663 2611 3744 formare
2644 3670 2937 3746 valeant.

1721 3827 1981 3929 XVII.
2026 3930 2029 3932 ,

665 3939 668 3941 Α
749 3996 854 4078 ·Si
895 4024 1050 4100 quae
1083 3989 1164 4081 in
1210 3996 1540 4104 subjectis
1584 4003 1949 4090 nonnullis
1975 4024 2265 4108 apparet
2308 4002 2797 4103 musculorum
2850 3999 3055 4100 diffe,
