<?xml version="1.0" encoding="UTF-8"?>
<!DOCTYPE html PUBLIC "-//W3C//DTD XHTML 1.0 Transitional//EN"
    "http://www.w3.org/TR/xhtml1/DTD/xhtml1-transitional.dtd">
<html xmlns="http://www.w3.org/1999/xhtml" xml:lang="en" lang="en">
 <head>
  <title>
</title>
<meta http-equiv="Content-Type" content="text/html;charset=utf-8" />
  <meta name='ocr-system' content='tesseract 3.04.00' />
  <meta name='ocr-capabilities' content='ocr_page ocr_carea ocr_par ocr_line ocrx_word'/>
</head>
<body>
  <div class='ocr_page' id='page_1' title='image "./dissertationisp00schigoog_0067.png"; bbox 0 0 3400 4725; ppageno 0'>
   <div class='ocr_carea' id='block_1_1' title="bbox 1461 255 2836 351">
    <p class='ocr_par' dir='ltr' id='par_1_1' title="bbox 1461 255 2836 351">
     <span class='ocr_line' id='line_1_1' title="bbox 1461 255 2836 351; baseline -0.001 0"><span class='ocrx_word' id='word_1_1' title='bbox 1461 255 1995 351; x_wconf 50' lang='lat' dir='ltr'>Quali</span> <span class='ocrx_word' id='word_1_2' title='bbox 2762 282 2836 349; x_wconf 73' lang='lat'>³¹</span> 
     </span>
    </p>
   </div>
   <div class='ocr_carea' id='block_1_2' title="bbox 352 440 3247 3269">
    <p class='ocr_par' dir='ltr' id='par_1_2' title="bbox 485 440 2925 826">
     <span class='ocr_line' id='line_1_2' title="bbox 490 440 2925 543; baseline -0 -21"><span class='ocrx_word' id='word_1_3' title='bbox 490 446 827 543; x_wconf 79' lang='lat' dir='ltr'>aquariis,</span> <span class='ocrx_word' id='word_1_4' title='bbox 908 445 1078 520; x_wconf 68' lang='lat' dir='ltr'>rotis</span> <span class='ocrx_word' id='word_1_5' title='bbox 1130 440 1242 517; x_wconf 75' lang='lat' dir='ltr'>vel</span> <span class='ocrx_word' id='word_1_6' title='bbox 1289 444 1559 519; x_wconf 71' lang='lat' dir='ltr'>diret‘tis</span> <span class='ocrx_word' id='word_1_7' title='bbox 1606 448 1715 520; x_wconf 83' lang='lat' dir='ltr'>vel</span> <span class='ocrx_word' id='word_1_8' title='bbox 1766 445 2180 541; x_wconf 82' lang='lat' dir='ltr'>retrogradis</span> <span class='ocrx_word' id='word_1_9' title='bbox 2229 446 2575 521; x_wconf 61' lang='lat' dir='ltr'>instruitis</span> <span class='ocrx_word' id='word_1_10' title='bbox 2619 474 2635 516; x_wconf 75' lang='grc' dir='ltr'><strong>ε</strong></span> <span class='ocrx_word' id='word_1_11' title='bbox 2703 442 2925 525; x_wconf 70' lang='lat' dir='ltr'>mola·</span> 
     </span>
     <span class='ocr_line' id='line_1_3' title="bbox 487 544 2915 645; baseline -0.002 -21"><span class='ocrx_word' id='word_1_12' title='bbox 487 575 644 624; x_wconf 86' lang='lat' dir='ltr'>rum</span> <span class='ocrx_word' id='word_1_13' title='bbox 705 548 1066 622; x_wconf 67' lang='lat' dir='ltr'>struetura.</span> <span class='ocrx_word' id='word_1_14' title='bbox 1177 548 1280 621; x_wconf 76' lang='lat' dir='ltr'>Ex</span> <span class='ocrx_word' id='word_1_15' title='bbox 1338 570 1474 642; x_wconf 90' lang='lat' dir='ltr'>qua</span> <span class='ocrx_word' id='word_1_16' title='bbox 1539 549 1820 623; x_wconf 86' lang='lat' dir='ltr'>materia</span> <span class='ocrx_word' id='word_1_17' title='bbox 1882 544 2039 622; x_wconf 78' lang='lat' dir='ltr'>vasa</span> <span class='ocrx_word' id='word_1_18' title='bbox 2108 546 2507 645; x_wconf 85' lang='lat' dir='ltr'>coquinaria</span> <span class='ocrx_word' id='word_1_19' title='bbox 2578 548 2915 623; x_wconf 86' lang='lat' dir='ltr'>constent.</span> 
     </span>
     <span class='ocr_line' id='line_1_4' title="bbox 494 648 2917 752; baseline 0 -29"><span class='ocrx_word' id='word_1_20' title='bbox 494 648 889 723; x_wconf 84' lang='lat' dir='ltr'>Commoda</span> <span class='ocrx_word' id='word_1_21' title='bbox 933 672 1052 726; x_wconf 84' lang='lat' dir='ltr'>aut</span> <span class='ocrx_word' id='word_1_22' title='bbox 1100 648 1542 722; x_wconf 86' lang='lat' dir='ltr'>incommoda</span> <span class='ocrx_word' id='word_1_23' title='bbox 1572 699 1593 735; x_wconf 94' lang='lat'>,</span> <span class='ocrx_word' id='word_1_24' title='bbox 1666 674 1823 748; x_wconf 76' lang='lat' dir='ltr'>quae</span> <span class='ocrx_word' id='word_1_25' title='bbox 1861 674 1947 723; x_wconf 77' lang='lat' dir='ltr'>ex</span> <span class='ocrx_word' id='word_1_26' title='bbox 1992 648 2307 724; x_wconf 86' lang='lat' dir='ltr'>ciborum</span> <span class='ocrx_word' id='word_1_27' title='bbox 2338 673 2592 752; x_wconf 80' lang='lat' dir='ltr'>genere</span> <span class='ocrx_word' id='word_1_28' title='bbox 2631 650 2702 723; x_wconf 79' lang='lat' dir='ltr'>in</span> <span class='ocrx_word' id='word_1_29' title='bbox 2738 650 2917 725; x_wconf 84' lang='lat' dir='ltr'>sani-</span> 
     </span>
     <span class='ocr_line' id='line_1_5' title="bbox 485 751 1151 826; baseline -0.005 -1"><span class='ocrx_word' id='word_1_30' title='bbox 485 771 694 825; x_wconf 83' lang='lat' dir='ltr'>tatem</span> <span class='ocrx_word' id='word_1_31' title='bbox 742 751 1151 826; x_wconf 88' lang='lat' dir='ltr'>redundant.</span> 
     </span>
    </p>

    <p class='ocr_par' dir='ltr' id='par_1_3' title="bbox 477 848 3230 1252">
     <span class='ocr_line' id='line_1_6' title="bbox 646 848 3230 948; baseline 0.001 -19"><span class='ocrx_word' id='word_1_32' title='bbox 646 860 850 929; x_wconf 67' lang='lat' dir='ltr'>Porus</span> <span class='ocrx_word' id='word_1_33' title='bbox 894 854 1110 947; x_wconf 85' lang='lat' dir='ltr'>qualis</span> <span class='ocrx_word' id='word_1_34' title='bbox 1160 849 1544 937; x_wconf 75' lang='lat' dir='ltr'>habeatur,</span> <span class='ocrx_word' id='word_1_35' title='bbox 1607 852 1671 925; x_wconf 73' lang='lat'>8&lt;</span> <span class='ocrx_word' id='word_1_36' title='bbox 1712 851 2035 947; x_wconf 84' lang='lat' dir='ltr'>frequens</span> <span class='ocrx_word' id='word_1_37' title='bbox 2080 848 2201 934; x_wconf 81' lang='lat' dir='ltr'>iit,</span> <span class='ocrx_word' id='word_1_38' title='bbox 2268 878 2488 948; x_wconf 83' lang='lat' dir='ltr'>aqua,</span> <span class='ocrx_word' id='word_1_39' title='bbox 2542 852 2905 940; x_wconf 76' lang='lat' dir='ltr'>cerevisia,</span> <span class='ocrx_word' id='word_1_40' title='bbox 2965 903 2970 907; x_wconf 94' lang='lat'>-</span> <span class='ocrx_word' id='word_1_41' title='bbox 3058 860 3230 921; x_wconf 67' lang='lat' dir='ltr'>Putas.</span> 
     </span>
     <span class='ocr_line' id='line_1_7' title="bbox 481 950 2903 1050; baseline 0.002 -25"><span class='ocrx_word' id='word_1_42' title='bbox 481 958 781 1029; x_wconf 82' lang='lat' dir='ltr'>mustum</span> <span class='ocrx_word' id='word_1_43' title='bbox 822 1007 842 1038; x_wconf 91' lang='lat'>,</span> <span class='ocrx_word' id='word_1_44' title='bbox 900 955 1133 1039; x_wconf 87' lang='lat' dir='ltr'>cidra,</span> <span class='ocrx_word' id='word_1_45' title='bbox 1178 956 1421 1028; x_wconf 83' lang='lat' dir='ltr'>vinum</span> <span class='ocrx_word' id='word_1_46' title='bbox 1472 981 1491 1027; x_wconf 73' lang='grc' dir='ltr'><strong><em>ε</em></strong></span> <span class='ocrx_word' id='word_1_47' title='bbox 1561 950 1813 1030; x_wconf 81' lang='lat' dir='ltr'>horum</span> <span class='ocrx_word' id='word_1_48' title='bbox 1865 975 2159 1050; x_wconf 86' lang='lat' dir='ltr'>potuum</span> <span class='ocrx_word' id='word_1_49' title='bbox 2200 955 2586 1038; x_wconf 74' lang='lat' dir='ltr'>confectio,</span> <span class='ocrx_word' id='word_1_50' title='bbox 2658 962 2903 1031; x_wconf 54' lang='lat' dir='ltr'>trabla-</span> 
     </span>
     <span class='ocr_line' id='line_1_8' title="bbox 478 1054 2899 1143; baseline 0.003 -18"><span class='ocrx_word' id='word_1_51' title='bbox 478 1058 620 1139; x_wconf 70' lang='lat' dir='ltr'>tio,</span> <span class='ocrx_word' id='word_1_52' title='bbox 690 1054 1044 1130; x_wconf 68' lang='lat' dir='ltr'>affer-vatio</span> <span class='ocrx_word' id='word_1_53' title='bbox 1081 1107 1101 1140; x_wconf 89' lang='lat'>,</span> <span class='ocrx_word' id='word_1_54' title='bbox 1189 1056 1348 1127; x_wconf 85' lang='lat' dir='ltr'>iude</span> <span class='ocrx_word' id='word_1_55' title='bbox 1387 1056 1713 1129; x_wconf 83' lang='lat' dir='ltr'>cellarum</span> <span class='ocrx_word' id='word_1_56' title='bbox 1759 1054 2179 1131; x_wconf 84' lang='lat' dir='ltr'>vinariarum</span> <span class='ocrx_word' id='word_1_57' title='bbox 2230 1056 2648 1143; x_wconf 79' lang='lat' dir='ltr'>exstruc&#39;tio,</span> <span class='ocrx_word' id='word_1_58' title='bbox 2719 1056 2770 1131; x_wconf 84' lang='lat' dir='ltr'>fi</span> <span class='ocrx_word' id='word_1_59' title='bbox 2824 1062 2899 1133; x_wconf 90' lang='lat' dir='ltr'>in</span> 
     </span>
     <span class='ocr_line' id='line_1_9' title="bbox 477 1153 1925 1252; baseline 0.002 -26"><span class='ocrx_word' id='word_1_60' title='bbox 477 1182 551 1228; x_wconf 81' lang='lat' dir='ltr'>ea</span> <span class='ocrx_word' id='word_1_61' title='bbox 595 1159 758 1252; x_wconf 87' lang='lat' dir='ltr'>quid</span> <span class='ocrx_word' id='word_1_62' title='bbox 805 1159 1138 1251; x_wconf 73' lang='lat' dir='ltr'>peculiare</span> <span class='ocrx_word' id='word_1_63' title='bbox 1182 1155 1418 1239; x_wconf 81' lang='lat' dir='ltr'>detur,</span> <span class='ocrx_word' id='word_1_64' title='bbox 1477 1153 1925 1229; x_wconf 85' lang='lat' dir='ltr'>observanda.</span> 
     </span>
    </p>

    <p class='ocr_par' dir='ltr' id='par_1_4' title="bbox 434 1252 3247 2961">
     <span class='ocr_line' id='line_1_10' title="bbox 631 1252 3247 1361; baseline 0 -30"><span class='ocrx_word' id='word_1_65' title='bbox 631 1264 860 1331; x_wconf 82' lang='lat' dir='ltr'>Luxus</span> <span class='ocrx_word' id='word_1_66' title='bbox 901 1263 1236 1338; x_wconf 80' lang='lat' dir='ltr'>nationis,</span> <span class='ocrx_word' id='word_1_67' title='bbox 1309 1280 1395 1327; x_wconf 88' lang='lat' dir='ltr'>an</span> <span class='ocrx_word' id='word_1_68' title='bbox 1443 1252 1786 1349; x_wconf 77' lang='lat' dir='ltr'>vilipensis</span> <span class='ocrx_word' id='word_1_69' title='bbox 1832 1256 1999 1331; x_wconf 83' lang='lat' dir='ltr'>cibis</span> <span class='ocrx_word' id='word_1_70' title='bbox 2042 1265 2107 1333; x_wconf 59' lang='grc' dir='ltr'>ἐξ</span> <span class='ocrx_word' id='word_1_71' title='bbox 2148 1276 2317 1354; x_wconf 90' lang='lat' dir='ltr'>potu</span> <span class='ocrx_word' id='word_1_72' title='bbox 2361 1259 2429 1332; x_wconf 90' lang='lat' dir='ltr'>in</span> <span class='ocrx_word' id='word_1_73' title='bbox 2470 1256 2607 1353; x_wconf 76' lang='lat' dir='ltr'>ipsa</span> <span class='ocrx_word' id='word_1_74' title='bbox 2658 1259 2889 1355; x_wconf 84' lang='lat' dir='ltr'>regio·</span> <span class='ocrx_word' id='word_1_75' title='bbox 2937 1271 3247 1361; x_wconf 33' lang='grc' dir='ltr'>[υπς’-ηει-</span> 
     </span>
     <span class='ocr_line' id='line_1_11' title="bbox 468 1348 3190 1456; baseline 0.003 -27"><span class='ocrx_word' id='word_1_76' title='bbox 468 1382 557 1430; x_wconf 82' lang='lat' dir='ltr'>ue</span> <span class='ocrx_word' id='word_1_77' title='bbox 600 1360 993 1451; x_wconf 53' lang='lat' dir='ltr'>protimus,</span> <span class='ocrx_word' id='word_1_78' title='bbox 1071 1358 1335 1452; x_wconf 84' lang='lat' dir='ltr'>magnis</span> <span class='ocrx_word' id='word_1_79' title='bbox 1381 1353 1724 1432; x_wconf 85' lang='lat' dir='ltr'>sumtibus</span> <span class='ocrx_word' id='word_1_80' title='bbox 1769 1383 1855 1431; x_wconf 82' lang='lat' dir='ltr'>ex</span> <span class='ocrx_word' id='word_1_81' title='bbox 1896 1359 2039 1433; x_wconf 86' lang='lat' dir='ltr'>aliis</span> <span class='ocrx_word' id='word_1_82' title='bbox 2092 1360 2487 1456; x_wconf 80' lang='lat' dir='ltr'>regionibus</span> <span class='ocrx_word' id='word_1_83' title='bbox 2544 1358 2673 1435; x_wconf 87' lang='lat' dir='ltr'>hos</span> <span class='ocrx_word' id='word_1_84' title='bbox 2716 1386 2885 1437; x_wconf 82' lang='lat' dir='ltr'>con·</span> <span class='ocrx_word' id='word_1_85' title='bbox 3006 1348 3190 1408; x_wconf 50' lang='grc' dir='ltr'>ὅσω·</span> 
     </span>
     <span class='ocr_line' id='line_1_12' title="bbox 467 1457 3141 1552; baseline 0.003 -22"><span class='ocrx_word' id='word_1_86' title='bbox 467 1460 788 1552; x_wconf 85' lang='lat' dir='ltr'>quirant:</span> <span class='ocrx_word' id='word_1_87' title='bbox 875 1457 1416 1532; x_wconf 71' lang='lat' dir='ltr'>diversoriorum</span> <span class='ocrx_word' id='word_1_88' title='bbox 1467 1463 1530 1531; x_wconf 67' lang='grc' dir='ltr'>δι</span> <span class='ocrx_word' id='word_1_89' title='bbox 1579 1458 2092 1551; x_wconf 80' lang='lat' dir='ltr'>oenopoiiorum</span> <span class='ocrx_word' id='word_1_90' title='bbox 2154 1463 2221 1531; x_wconf 87' lang='lat' dir='ltr'>in</span> <span class='ocrx_word' id='word_1_91' title='bbox 2263 1461 2473 1542; x_wconf 86' lang='lat' dir='ltr'>urbe,</span> <span class='ocrx_word' id='word_1_92' title='bbox 2548 1459 2881 1537; x_wconf 78' lang='lat' dir='ltr'>suburba-</span> <span class='ocrx_word' id='word_1_93' title='bbox 3136 1464 3141 1469; x_wconf 73' lang='grc'>’</span> 
     </span>
     <span class='ocr_line' id='line_1_13' title="bbox 466 1556 2875 1656; baseline 0.002 -26"><span class='ocrx_word' id='word_1_94' title='bbox 466 1559 610 1634; x_wconf 77' lang='lat' dir='ltr'>nis,</span> <span class='ocrx_word' id='word_1_95' title='bbox 677 1563 778 1629; x_wconf 80' lang='lat' dir='ltr'>vel</span> <span class='ocrx_word' id='word_1_96' title='bbox 817 1560 885 1630; x_wconf 88' lang='lat' dir='ltr'>in</span> <span class='ocrx_word' id='word_1_97' title='bbox 937 1586 1109 1656; x_wconf 81' lang='lat' dir='ltr'>pago</span> <span class='ocrx_word' id='word_1_98' title='bbox 1141 1584 1514 1633; x_wconf 83' lang='lat' dir='ltr'>numerus:</span> <span class='ocrx_word' id='word_1_99' title='bbox 1581 1556 2090 1634; x_wconf 62' lang='lat' dir='ltr'>commilitiones</span> <span class='ocrx_word' id='word_1_100' title='bbox 2128 1557 2561 1655; x_wconf 78' lang='lat' dir='ltr'>frequentest</span> <span class='ocrx_word' id='word_1_101' title='bbox 2602 1558 2875 1636; x_wconf 79' lang='lat' dir='ltr'>saccha-</span> 
     </span>
     <span class='ocr_line' id='line_1_14' title="bbox 465 1652 2880 1755; baseline 0.002 -24"><span class='ocrx_word' id='word_1_102' title='bbox 465 1681 648 1741; x_wconf 86' lang='lat' dir='ltr'>rata,</span> <span class='ocrx_word' id='word_1_103' title='bbox 713 1655 1038 1733; x_wconf 75' lang='lat' dir='ltr'>dulciaria</span> <span class='ocrx_word' id='word_1_104' title='bbox 1074 1712 1095 1746; x_wconf 91' lang='lat'>,</span> <span class='ocrx_word' id='word_1_105' title='bbox 1183 1659 1422 1754; x_wconf 63' lang='lat' dir='ltr'>postte:</span> <span class='ocrx_word' id='word_1_106' title='bbox 1493 1656 1655 1732; x_wconf 82' lang='lat' dir='ltr'>usus</span> <span class='ocrx_word' id='word_1_107' title='bbox 1693 1652 1961 1732; x_wconf 74' lang='lat' dir='ltr'>Coffeze</span> <span class='ocrx_word' id='word_1_108' title='bbox 1994 1710 2015 1743; x_wconf 89' lang='lat'>,</span> <span class='ocrx_word' id='word_1_109' title='bbox 2106 1661 2259 1753; x_wconf 78' lang='lat' dir='ltr'>(an</span> <span class='ocrx_word' id='word_1_110' title='bbox 2308 1662 2705 1755; x_wconf 78' lang='lat' dir='ltr'>vegetabilia</span> <span class='ocrx_word' id='word_1_111' title='bbox 2744 1661 2880 1739; x_wconf 87' lang='lat' dir='ltr'>alia</span> 
     </span>
     <span class='ocr_line' id='line_1_15' title="bbox 465 1755 2880 1854; baseline 0.001 -23"><span class='ocrx_word' id='word_1_112' title='bbox 465 1755 728 1834; x_wconf 73' lang='lat' dir='ltr'>Coffeze</span> <span class='ocrx_word' id='word_1_113' title='bbox 781 1766 1096 1854; x_wconf 74' lang='lat' dir='ltr'>genuinae</span> <span class='ocrx_word' id='word_1_114' title='bbox 1149 1760 1599 1845; x_wconf 84' lang='lat' dir='ltr'>substituere,</span> <span class='ocrx_word' id='word_1_115' title='bbox 1676 1761 1786 1833; x_wconf 90' lang='lat' dir='ltr'>vel</span> <span class='ocrx_word' id='word_1_116' title='bbox 1828 1760 2059 1836; x_wconf 77' lang='lat' dir='ltr'>{altem</span> <span class='ocrx_word' id='word_1_117' title='bbox 2113 1788 2271 1836; x_wconf 90' lang='lat' dir='ltr'>cum</span> <span class='ocrx_word' id='word_1_118' title='bbox 2329 1788 2404 1835; x_wconf 90' lang='lat' dir='ltr'>ea</span> <span class='ocrx_word' id='word_1_119' title='bbox 2452 1760 2732 1839; x_wconf 85' lang='lat' dir='ltr'>miscere</span> <span class='ocrx_word' id='word_1_120' title='bbox 2768 1762 2880 1841; x_wconf 80' lang='lat' dir='ltr'>so.</span> 
     </span>
     <span class='ocr_line' id='line_1_16' title="bbox 465 1859 2869 1957; baseline 0.003 -26"><span class='ocrx_word' id='word_1_121' title='bbox 465 1860 704 1943; x_wconf 79' lang='lat' dir='ltr'>leant)</span> <span class='ocrx_word' id='word_1_122' title='bbox 766 1859 947 1937; x_wconf 83' lang='lat' dir='ltr'>Usus</span> <span class='ocrx_word' id='word_1_123' title='bbox 979 1862 1236 1945; x_wconf 78' lang='lat' dir='ltr'>Theae,</span> <span class='ocrx_word' id='word_1_124' title='bbox 1286 1859 1626 1955; x_wconf 73' lang='lat' dir='ltr'>copioiior</span> <span class='ocrx_word' id='word_1_125' title='bbox 1665 1862 1874 1945; x_wconf 85' lang='lat' dir='ltr'>Vini,</span> <span class='ocrx_word' id='word_1_126' title='bbox 1931 1864 2220 1957; x_wconf 80' lang='lat' dir='ltr'>Spiritus</span> <span class='ocrx_word' id='word_1_127' title='bbox 2250 1860 2454 1946; x_wconf 88' lang='lat' dir='ltr'>Vini,</span> <span class='ocrx_word' id='word_1_128' title='bbox 2526 1866 2869 1940; x_wconf 82' lang='lat' dir='ltr'>Vinorutn</span> 
     </span>
     <span class='ocr_line' id='line_1_17' title="bbox 462 1961 2876 2061; baseline 0.003 -28"><span class='ocrx_word' id='word_1_129' title='bbox 462 1962 914 2036; x_wconf 79' lang='lat' dir='ltr'>exoticorum.</span> <span class='ocrx_word' id='word_1_130' title='bbox 1026 1964 1335 2038; x_wconf 78' lang='lat' dir='ltr'>Maxima</span> <span class='ocrx_word' id='word_1_131' title='bbox 1387 1961 1668 2044; x_wconf 66' lang='lat' dir='ltr'>tarinae,</span> <span class='ocrx_word' id='word_1_132' title='bbox 1765 1961 2003 2056; x_wconf 82' lang='lat' dir='ltr'>butyri</span> <span class='ocrx_word' id='word_1_133' title='bbox 2057 1969 2120 2036; x_wconf 73' lang='grc' dir='ltr'>δι</span> <span class='ocrx_word' id='word_1_134' title='bbox 2167 1961 2461 2038; x_wconf 84' lang='lat' dir='ltr'>sacehari</span> <span class='ocrx_word' id='word_1_135' title='bbox 2518 1968 2876 2061; x_wconf 76' lang='lat' dir='ltr'>quantitas</span> 
     </span>
     <span class='ocr_line' id='line_1_18' title="bbox 455 2057 2871 2158; baseline 0.003 -24"><span class='ocrx_word' id='word_1_136' title='bbox 455 2089 582 2151; x_wconf 79' lang='lat' dir='ltr'>pro</span> <span class='ocrx_word' id='word_1_137' title='bbox 648 2058 950 2157; x_wconf 77' lang='lat' dir='ltr'>oupediis</span> <span class='ocrx_word' id='word_1_138' title='bbox 999 2066 1194 2140; x_wconf 69' lang='lat' dir='ltr'>distis</span> <span class='ocrx_word' id='word_1_139' title='bbox 1240 2065 1612 2158; x_wconf 82' lang='lat' dir='ltr'>quotannis</span> <span class='ocrx_word' id='word_1_140' title='bbox 1659 2057 1773 2135; x_wconf 89' lang='lat' dir='ltr'>vel</span> <span class='ocrx_word' id='word_1_141' title='bbox 1818 2064 1999 2154; x_wconf 87' lang='lat' dir='ltr'>apud</span> <span class='ocrx_word' id='word_1_142' title='bbox 2050 2090 2180 2138; x_wconf 75' lang='lat' dir='ltr'>nos·</span> <span class='ocrx_word' id='word_1_143' title='bbox 2229 2067 2300 2137; x_wconf 86' lang='lat' dir='ltr'>in</span> <span class='ocrx_word' id='word_1_144' title='bbox 2367 2066 2871 2141; x_wconf 76' lang='lat' dir='ltr'>detrimentunt</span> 
     </span>
     <span class='ocr_line' id='line_1_19' title="bbox 454 2142 2859 2263; baseline 0.003 -28"><span class='ocrx_word' id='word_1_145' title='bbox 454 2162 794 2243; x_wconf 65' lang='lat' dir='ltr'>sanitatis,</span> <span class='ocrx_word' id='word_1_146' title='bbox 859 2168 923 2237; x_wconf 71' lang='grc' dir='ltr'>ἅτ</span> <span class='ocrx_word' id='word_1_147' title='bbox 961 2188 1307 2239; x_wconf 78' lang='lat' dir='ltr'>crumena:</span> <span class='ocrx_word' id='word_1_148' title='bbox 1343 2163 1578 2235; x_wconf 78' lang='lat' dir='ltr'>misere</span> <span class='ocrx_word' id='word_1_149' title='bbox 1619 2159 2101 2248; x_wconf 87' lang='lat' dir='ltr'>consumitur,</span> <span class='ocrx_word' id='word_1_150' title='bbox 2146 2187 2224 2237; x_wconf 92' lang='lat' dir='ltr'>ut</span> <span class='ocrx_word' id='word_1_151' title='bbox 2256 2169 2321 2238; x_wconf 80' lang='lat'>&amp;</span> <span class='ocrx_word' id='word_1_152' title='bbox 2371 2168 2529 2240; x_wconf 82' lang='lat' dir='ltr'>inde</span> <span class='ocrx_word' id='word_1_153' title='bbox 2562 2142 2859 2263; x_wconf 52' lang='lat' dir='ltr'>pretium</span> 
     </span>
     <span class='ocr_line' id='line_1_20' title="bbox 455 2262 2857 2361; baseline 0.002 -24"><span class='ocrx_word' id='word_1_154' title='bbox 455 2288 684 2337; x_wconf 86' lang='lat' dir='ltr'>rerum</span> <span class='ocrx_word' id='word_1_155' title='bbox 739 2266 822 2338; x_wconf 84' lang='lat' dir='ltr'>ad</span> <span class='ocrx_word' id='word_1_156' title='bbox 869 2267 1130 2339; x_wconf 60' lang='lat' dir='ltr'>vidium</span> <span class='ocrx_word' id='word_1_157' title='bbox 1191 2263 1705 2339; x_wconf 60' lang='lat' dir='ltr'>necessariarum</span> <span class='ocrx_word' id='word_1_158' title='bbox 1751 2262 2051 2336; x_wconf 81' lang='lat' dir='ltr'>multum</span> <span class='ocrx_word' id='word_1_159' title='bbox 2100 2290 2433 2361; x_wconf 83' lang='lat' dir='ltr'>augeatur</span> <span class='ocrx_word' id='word_1_160' title='bbox 2468 2318 2489 2351; x_wconf 90' lang='lat'>,</span> <span class='ocrx_word' id='word_1_161' title='bbox 2570 2274 2636 2341; x_wconf 70' lang='grc' dir='ltr'>ἃ.</span> <span class='ocrx_word' id='word_1_162' title='bbox 2681 2269 2773 2342; x_wconf 89' lang='lat' dir='ltr'>ita</span> <span class='ocrx_word' id='word_1_163' title='bbox 2817 2294 2857 2342; x_wconf 89' lang='lat' dir='ltr'>a</span> 
     </span>
     <span class='ocr_line' id='line_1_21' title="bbox 450 2363 2854 2460; baseline 0.002 -21"><span class='ocrx_word' id='word_1_164' title='bbox 450 2363 749 2458; x_wconf 65' lang='lat' dir='ltr'>gulosis,</span> <span class='ocrx_word' id='word_1_165' title='bbox 818 2368 886 2440; x_wconf 90' lang='lat' dir='ltr'>in</span> <span class='ocrx_word' id='word_1_166' title='bbox 946 2369 1220 2441; x_wconf 85' lang='lat' dir='ltr'>civitate</span> <span class='ocrx_word' id='word_1_167' title='bbox 1260 2365 1706 2460; x_wconf 82' lang='lat' dir='ltr'>temperatius</span> <span class='ocrx_word' id='word_1_168' title='bbox 1764 2365 2167 2440; x_wconf 86' lang='lat' dir='ltr'>viventibus</span> <span class='ocrx_word' id='word_1_169' title='bbox 2217 2368 2467 2459; x_wconf 85' lang='lat' dir='ltr'>injuria</span> <span class='ocrx_word' id='word_1_170' title='bbox 2506 2363 2854 2446; x_wconf 85' lang='lat' dir='ltr'>afferatur.</span> 
     </span>
     <span class='ocr_line' id='line_1_22' title="bbox 441 2461 2858 2561; baseline -0.002 -19"><span class='ocrx_word' id='word_1_171' title='bbox 441 2469 753 2542; x_wconf 68' lang='lat' dir='ltr'>Pecunia:</span> <span class='ocrx_word' id='word_1_172' title='bbox 801 2466 957 2541; x_wconf 88' lang='lat' dir='ltr'>dein</span> <span class='ocrx_word' id='word_1_173' title='bbox 1004 2469 1303 2542; x_wconf 85' lang='lat' dir='ltr'>maxima</span> <span class='ocrx_word' id='word_1_174' title='bbox 1350 2467 1455 2539; x_wconf 85' lang='lat' dir='ltr'>vis</span> <span class='ocrx_word' id='word_1_175' title='bbox 1514 2490 1643 2561; x_wconf 91' lang='lat' dir='ltr'>pro</span> <span class='ocrx_word' id='word_1_176' title='bbox 1681 2461 1942 2547; x_wconf 86' lang='lat' dir='ltr'>coffca,</span> <span class='ocrx_word' id='word_1_177' title='bbox 2015 2466 2176 2540; x_wconf 91' lang='lat' dir='ltr'>thea</span> <span class='ocrx_word' id='word_1_178' title='bbox 2212 2519 2232 2549; x_wconf 94' lang='lat'>,</span> <span class='ocrx_word' id='word_1_179' title='bbox 2307 2465 2627 2542; x_wconf 84' lang='lat' dir='ltr'>saccharo</span> <span class='ocrx_word' id='word_1_180' title='bbox 2658 2518 2684 2551; x_wconf 85' lang='lat'><strong><em>‚</em></strong></span> <span class='ocrx_word' id='word_1_181' title='bbox 2752 2474 2858 2544; x_wconf 85' lang='lat' dir='ltr'>ni.</span> 
     </span>
     <span class='ocr_line' id='line_1_23' title="bbox 443 2566 2869 2665; baseline 0.002 -25"><span class='ocrx_word' id='word_1_182' title='bbox 443 2571 712 2643; x_wconf 86' lang='lat' dir='ltr'>cotiana</span> <span class='ocrx_word' id='word_1_183' title='bbox 759 2594 844 2641; x_wconf 84' lang='lat' dir='ltr'>ex</span> <span class='ocrx_word' id='word_1_184' title='bbox 891 2570 1167 2665; x_wconf 83' lang='lat' dir='ltr'>regione</span> <span class='ocrx_word' id='word_1_185' title='bbox 1218 2566 1529 2659; x_wconf 82' lang='lat' dir='ltr'>ejicitur,</span> <span class='ocrx_word' id='word_1_186' title='bbox 1599 2588 1678 2642; x_wconf 91' lang='lat' dir='ltr'>ut</span> <span class='ocrx_word' id='word_1_187' title='bbox 1716 2591 1861 2640; x_wconf 90' lang='lat' dir='ltr'>non</span> <span class='ocrx_word' id='word_1_188' title='bbox 1898 2567 2115 2640; x_wconf 81' lang='lat' dir='ltr'>multa</span> <span class='ocrx_word' id='word_1_189' title='bbox 2159 2567 2379 2642; x_wconf 86' lang='lat' dir='ltr'>dicam</span> <span class='ocrx_word' id='word_1_190' title='bbox 2426 2569 2511 2643; x_wconf 86' lang='lat' dir='ltr'>de</span> <span class='ocrx_word' id='word_1_191' title='bbox 2545 2568 2869 2665; x_wconf 63' lang='lat' dir='ltr'>pestifera</span> 
     </span>
     <span class='ocr_line' id='line_1_24' title="bbox 437 2664 2851 2768; baseline -0.001 -28"><span class='ocrx_word' id='word_1_192' title='bbox 437 2665 714 2764; x_wconf 83' lang='lat' dir='ltr'>spiritus</span> <span class='ocrx_word' id='word_1_193' title='bbox 757 2667 948 2755; x_wconf 83' lang='lat' dir='ltr'>vini,</span> <span class='ocrx_word' id='word_1_194' title='bbox 1001 2689 1078 2742; x_wconf 93' lang='lat' dir='ltr'>ut</span> <span class='ocrx_word' id='word_1_195' title='bbox 1118 2672 1183 2743; x_wconf 67' lang='grc' dir='ltr'>ἃ</span> <span class='ocrx_word' id='word_1_196' title='bbox 1227 2665 1501 2764; x_wconf 86' lang='lat' dir='ltr'>spiritus</span> <span class='ocrx_word' id='word_1_197' title='bbox 1543 2691 1624 2740; x_wconf 80' lang='lat' dir='ltr'>ex</span> <span class='ocrx_word' id='word_1_198' title='bbox 1667 2664 2003 2743; x_wconf 64' lang='lat' dir='ltr'>fructibus</span> <span class='ocrx_word' id='word_1_199' title='bbox 2055 2667 2306 2742; x_wconf 81' lang='lat' dir='ltr'>horaeis</span> <span class='ocrx_word' id='word_1_200' title='bbox 2341 2673 2573 2744; x_wconf 88' lang='lat' dir='ltr'>omnis</span> <span class='ocrx_word' id='word_1_201' title='bbox 2646 2697 2851 2768; x_wconf 84' lang='lat' dir='ltr'>gene.</span> 
     </span>
     <span class='ocr_line' id='line_1_25' title="bbox 435 2765 2853 2868; baseline 0.002 -26"><span class='ocrx_word' id='word_1_202' title='bbox 435 2771 572 2850; x_wconf 80' lang='lat' dir='ltr'>ris,</span> <span class='ocrx_word' id='word_1_203' title='bbox 651 2769 823 2842; x_wconf 87' lang='lat' dir='ltr'>adeo</span> <span class='ocrx_word' id='word_1_204' title='bbox 870 2795 954 2842; x_wconf 81' lang='lat' dir='ltr'>ex</span> <span class='ocrx_word' id='word_1_205' title='bbox 1003 2769 1240 2843; x_wconf 78' lang='lat' dir='ltr'>solano</span> <span class='ocrx_word' id='word_1_206' title='bbox 1285 2765 1610 2856; x_wconf 77' lang='lat' dir='ltr'>tuberoso</span> <span class='ocrx_word' id='word_1_207' title='bbox 1639 2819 1660 2847; x_wconf 90' lang='lat'>,</span> <span class='ocrx_word' id='word_1_208' title='bbox 1744 2768 1960 2863; x_wconf 77' lang='lat' dir='ltr'>parati</span> <span class='ocrx_word' id='word_1_209' title='bbox 2012 2769 2551 2865; x_wconf 80' lang='lat' dir='ltr'>ingurgitatione</span> <span class='ocrx_word' id='word_1_210' title='bbox 2586 2820 2607 2853; x_wconf 93' lang='lat'>,</span> <span class='ocrx_word' id='word_1_211' title='bbox 2698 2796 2853 2868; x_wconf 81' lang='lat' dir='ltr'>quae</span> 
     </span>
     <span class='ocr_line' id='line_1_26' title="bbox 434 2863 2907 2961; baseline 0.002 -21"><span class='ocrx_word' id='word_1_212' title='bbox 434 2867 714 2961; x_wconf 71' lang='lat' dir='ltr'>pessima</span> <span class='ocrx_word' id='word_1_213' title='bbox 751 2866 1183 2943; x_wconf 82' lang='lat' dir='ltr'>consuetudo</span> <span class='ocrx_word' id='word_1_214' title='bbox 1233 2870 1317 2942; x_wconf 87' lang='lat' dir='ltr'>ad</span> <span class='ocrx_word' id='word_1_215' title='bbox 1365 2864 1546 2960; x_wconf 82' lang='lat' dir='ltr'>ipsos</span> <span class='ocrx_word' id='word_1_216' title='bbox 1583 2863 1975 2960; x_wconf 79' lang='lat' dir='ltr'>Alpieoias‚</span> <span class='ocrx_word' id='word_1_217' title='bbox 2039 2873 2133 2941; x_wconf 88' lang='lat' dir='ltr'>ob</span> <span class='ocrx_word' id='word_1_218' title='bbox 2160 2867 2638 2956; x_wconf 82' lang='lat' dir='ltr'>sobrietatem,</span> <span class='ocrx_word' id='word_1_219' title='bbox 2698 2897 2845 2946; x_wconf 88' lang='lat' dir='ltr'>mo·</span> <span class='ocrx_word' id='word_1_220' title='bbox 2900 2913 2907 2920; x_wconf 94' lang='lat'>·</span> 
     </span>
    </p>

    <p class='ocr_par' dir='ltr' id='par_1_5' title="bbox 352 2963 2913 3269">
     <span class='ocr_line' id='line_1_27' title="bbox 352 2963 2913 3068; baseline 0.002 -26"><span class='ocrx_word' id='word_1_221' title='bbox 352 3063 356 3068; x_wconf 81' lang='lat'>.</span> <span class='ocrx_word' id='word_1_222' title='bbox 433 2994 587 3042; x_wconf 89' lang='lat' dir='ltr'>rum</span> <span class='ocrx_word' id='word_1_223' title='bbox 635 2972 698 3068; x_wconf 67' lang='lat' dir='ltr'>Sc</span> <span class='ocrx_word' id='word_1_224' title='bbox 739 2970 896 3042; x_wconf 75' lang='lat' dir='ltr'>vitae</span> <span class='ocrx_word' id='word_1_225' title='bbox 938 2969 1426 3062; x_wconf 67' lang='lat' dir='ltr'>simplicitatem</span> <span class='ocrx_word' id='word_1_226' title='bbox 1467 2963 1636 3039; x_wconf 89' lang='lat' dir='ltr'>olim</span> <span class='ocrx_word' id='word_1_227' title='bbox 1688 2964 2201 3044; x_wconf 73' lang='lat' dir='ltr'>laudatiffimos-</span> <span class='ocrx_word' id='word_1_228' title='bbox 2232 2966 2495 3046; x_wconf 74' lang='lat' dir='ltr'>transsit</span> <span class='ocrx_word' id='word_1_229' title='bbox 2531 3021 2551 3054; x_wconf 89' lang='lat'>,</span> <span class='ocrx_word' id='word_1_230' title='bbox 2632 2991 2711 3044; x_wconf 88' lang='lat' dir='ltr'>ut</span> <span class='ocrx_word' id='word_1_231' title='bbox 2752 2973 2846 3047; x_wconf 86' lang='lat' dir='ltr'>ita</span> <span class='ocrx_word' id='word_1_232' title='bbox 2910 3043 2913 3046; x_wconf 78' lang='grc'>,</span> 
     </span>
     <span class='ocr_line' id='line_1_28' title="bbox 427 3066 2841 3164; baseline -0.001 -19"><span class='ocrx_word' id='word_1_233' title='bbox 427 3066 736 3145; x_wconf 84' lang='lat' dir='ltr'>Helvetii</span> <span class='ocrx_word' id='word_1_234' title='bbox 809 3083 1080 3144; x_wconf 82' lang='lat' dir='ltr'>mutato</span> <span class='ocrx_word' id='word_1_235' title='bbox 1146 3069 1463 3143; x_wconf 88' lang='lat' dir='ltr'>ciborum</span> <span class='ocrx_word' id='word_1_236' title='bbox 1532 3070 1591 3141; x_wconf 66' lang='lat' dir='ltr'>a</span> <span class='ocrx_word' id='word_1_237' title='bbox 1667 3087 1876 3162; x_wconf 84' lang='lat' dir='ltr'>potus</span> <span class='ocrx_word' id='word_1_238' title='bbox 1947 3093 2198 3163; x_wconf 85' lang='lat' dir='ltr'>genere</span> <span class='ocrx_word' id='word_1_239' title='bbox 2243 3067 2365 3164; x_wconf 82' lang='lat' dir='ltr'>ipfi</span> <span class='ocrx_word' id='word_1_240' title='bbox 2410 3071 2482 3146; x_wconf 88' lang='lat' dir='ltr'>in</span> <span class='ocrx_word' id='word_1_241' title='bbox 2532 3072 2841 3158; x_wconf 76' lang='lat' dir='ltr'>malam,</span> 
     </span>
     <span class='ocr_line' id='line_1_29' title="bbox 428 3169 2905 3269; baseline -0.004 -21"><span class='ocrx_word' id='word_1_242' title='bbox 428 3172 616 3269; x_wconf 85' lang='lat' dir='ltr'>quod</span> <span class='ocrx_word' id='word_1_243' title='bbox 657 3172 1040 3248; x_wconf 83' lang='lat' dir='ltr'>verendum</span> <span class='ocrx_word' id='word_1_244' title='bbox 1084 3169 1214 3256; x_wconf 86' lang='lat' dir='ltr'>est,</span> <span class='ocrx_word' id='word_1_245' title='bbox 1282 3185 1542 3267; x_wconf 83' lang='lat' dir='ltr'>partem</span> <span class='ocrx_word' id='word_1_246' title='bbox 1592 3186 1974 3243; x_wconf 87' lang='lat' dir='ltr'>mutentur.</span> <span class='ocrx_word' id='word_1_247' title='bbox 2902 3195 2905 3200; x_wconf 94' lang='lat'>·</span> 
     </span>
    </p>
   </div>
   <div class='ocr_carea' id='block_1_3' title="bbox 421 3269 3225 3882">
    <p class='ocr_par' dir='ltr' id='par_1_6' title="bbox 421 3269 3225 3882">
     <span class='ocr_line' id='line_1_30' title="bbox 601 3269 3225 3374; baseline -0.001 -26"><span class='ocrx_word' id='word_1_248' title='bbox 601 3279 1047 3370; x_wconf 81' lang='lat' dir='ltr'>operationes,</span> <span class='ocrx_word' id='word_1_249' title='bbox 1087 3271 1500 3367; x_wconf 82' lang='lat' dir='ltr'>quibusnam</span> <span class='ocrx_word' id='word_1_250' title='bbox 1531 3269 1797 3345; x_wconf 63' lang='lat' dir='ltr'>vietum</span> <span class='ocrx_word' id='word_1_251' title='bbox 1829 3273 1892 3345; x_wconf 86' lang='lat'>&amp;</span> <span class='ocrx_word' id='word_1_252' title='bbox 1915 3269 2191 3346; x_wconf 85' lang='lat' dir='ltr'>divitias</span> <span class='ocrx_word' id='word_1_253' title='bbox 2213 3274 2510 3368; x_wconf 88' lang='lat' dir='ltr'>paraturi</span> <span class='ocrx_word' id='word_1_254' title='bbox 2536 3275 2836 3353; x_wconf 80' lang='lat' dir='ltr'>maxime</span> <span class='ocrx_word' id='word_1_255' title='bbox 2888 3280 3121 3374; x_wconf 59' lang='grc' dir='ltr'>Ορςτρι.</span> <span class='ocrx_word' id='word_1_256' title='bbox 3157 3289 3225 3347; x_wconf 70' lang='grc' dir='ltr'>ιιι</span> 
     </span>
     <span class='ocr_line' id='line_1_31' title="bbox 429 3354 3225 3492; baseline 0.002 -41"><span class='ocrx_word' id='word_1_257' title='bbox 429 3392 856 3472; x_wconf 87' lang='lat' dir='ltr'>occupentur</span> <span class='ocrx_word' id='word_1_258' title='bbox 903 3374 1182 3458; x_wconf 80' lang='lat' dir='ltr'>incolae,</span> <span class='ocrx_word' id='word_1_259' title='bbox 1266 3390 1594 3472; x_wconf 85' lang='lat' dir='ltr'>quantam</span> <span class='ocrx_word' id='word_1_260' title='bbox 1639 3370 1770 3448; x_wconf 85' lang='lat' dir='ltr'>illis</span> <span class='ocrx_word' id='word_1_261' title='bbox 1817 3395 2097 3470; x_wconf 82' lang='lat' dir='ltr'>operam</span> <span class='ocrx_word' id='word_1_262' title='bbox 2143 3373 2309 3451; x_wconf 87' lang='lat' dir='ltr'>dent</span> <span class='ocrx_word' id='word_1_263' title='bbox 2341 3426 2361 3460; x_wconf 92' lang='lat'>,</span> <span class='ocrx_word' id='word_1_264' title='bbox 2448 3379 2511 3453; x_wconf 70' lang='grc' dir='ltr'>δι</span> <span class='ocrx_word' id='word_1_265' title='bbox 2559 3377 2632 3452; x_wconf 89' lang='lat' dir='ltr'>in</span> <span class='ocrx_word' id='word_1_266' title='bbox 2674 3378 2833 3476; x_wconf 88' lang='lat' dir='ltr'>qui·</span> <span class='ocrx_word' id='word_1_267' title='bbox 2884 3354 3225 3492; x_wconf 50' lang='lat' dir='ltr'>‘hffissffim</span> 
     </span>
     <span class='ocr_line' id='line_1_32' title="bbox 423 3465 3180 3575; baseline 0.004 -25"><span class='ocrx_word' id='word_1_268' title='bbox 423 3476 556 3553; x_wconf 84' lang='lat' dir='ltr'>bus</span> <span class='ocrx_word' id='word_1_269' title='bbox 618 3475 763 3551; x_wconf 86' lang='lat' dir='ltr'>aliis</span> <span class='ocrx_word' id='word_1_270' title='bbox 815 3477 1186 3572; x_wconf 72' lang='lat' dir='ltr'>praestentz</span> <span class='ocrx_word' id='word_1_271' title='bbox 1276 3474 1709 3574; x_wconf 76' lang='lat' dir='ltr'>operationes</span> <span class='ocrx_word' id='word_1_272' title='bbox 1752 3482 2111 3550; x_wconf 70' lang='lat' dir='ltr'>mannariae</span> <span class='ocrx_word' id='word_1_273' title='bbox 2148 3505 2176 3563; x_wconf 79' lang='lat'>‚-</span> <span class='ocrx_word' id='word_1_274' title='bbox 2263 3476 2335 3553; x_wconf 80' lang='lat' dir='ltr'>in</span> <span class='ocrx_word' id='word_1_275' title='bbox 2390 3477 2637 3575; x_wconf 84' lang='lat' dir='ltr'>quavis</span> <span class='ocrx_word' id='word_1_276' title='bbox 2684 3499 2831 3559; x_wconf 87' lang='lat' dir='ltr'>arte</span> <span class='ocrx_word' id='word_1_277' title='bbox 3160 3465 3180 3496; x_wconf 73' lang='lat'><strong>⁹</strong></span> 
     </span>
     <span class='ocr_line' id='line_1_33' title="bbox 425 3573 2835 3679; baseline 0.002 -26"><span class='ocrx_word' id='word_1_278' title='bbox 425 3574 757 3674; x_wconf 84' lang='lat' dir='ltr'>opificum</span> <span class='ocrx_word' id='word_1_279' title='bbox 798 3575 1145 3679; x_wconf 74' lang='lat' dir='ltr'>suffieiens</span> <span class='ocrx_word' id='word_1_280' title='bbox 1197 3600 1533 3654; x_wconf 85' lang='lat' dir='ltr'>numerus</span> <span class='ocrx_word' id='word_1_281' title='bbox 1576 3576 1684 3652; x_wconf 85' lang='lat' dir='ltr'>vel</span> <span class='ocrx_word' id='word_1_282' title='bbox 1734 3573 2100 3661; x_wconf 69' lang='lat' dir='ltr'>deficiens,</span> <span class='ocrx_word' id='word_1_283' title='bbox 2161 3578 2677 3676; x_wconf 64' lang='lat' dir='ltr'>manufiet‘i&#39;nrae,</span> <span class='ocrx_word' id='word_1_284' title='bbox 2732 3581 2835 3658; x_wconf 82' lang='lat' dir='ltr'>ia-</span> 
     </span>
     <span class='ocr_line' id='line_1_34' title="bbox 421 3675 3025 3778; baseline 0.003 -24"><span class='ocrx_word' id='word_1_285' title='bbox 421 3681 818 3765; x_wconf 86' lang='lat' dir='ltr'>boratoria,</span> <span class='ocrx_word' id='word_1_286' title='bbox 859 3683 1324 3758; x_wconf 82' lang='lat' dir='ltr'>instrumenta</span> <span class='ocrx_word' id='word_1_287' title='bbox 1355 3686 1420 3756; x_wconf 78' lang='lat' dir='ltr'>St</span> <span class='ocrx_word' id='word_1_288' title='bbox 1461 3675 1773 3776; x_wconf 72' lang='lat' dir='ltr'>opificia:</span> <span class='ocrx_word' id='word_1_289' title='bbox 1840 3682 2217 3778; x_wconf 81' lang='lat' dir='ltr'>generatim</span> <span class='ocrx_word' id='word_1_290' title='bbox 2258 3681 2589 3778; x_wconf 78' lang='lat' dir='ltr'>industria</span> <span class='ocrx_word' id='word_1_291' title='bbox 2635 3685 2833 3762; x_wconf 84' lang='lat' dir='ltr'>inco-</span> <span class='ocrx_word' id='word_1_292' title='bbox 3019 3767 3025 3772; x_wconf 65' lang='grc'><em>,</em></span> 
     </span>
     <span class='ocr_line' id='line_1_35' title="bbox 422 3781 2903 3882; baseline 0.004 -28"><span class='ocrx_word' id='word_1_293' title='bbox 422 3781 646 3856; x_wconf 86' lang='lat' dir='ltr'>larum</span> <span class='ocrx_word' id='word_1_294' title='bbox 689 3782 800 3856; x_wconf 83' lang='lat' dir='ltr'>vel</span> <span class='ocrx_word' id='word_1_295' title='bbox 847 3784 1135 3882; x_wconf 84' lang='lat' dir='ltr'>pigritia.</span> <span class='ocrx_word' id='word_1_296' title='bbox 2899 3794 2903 3797; x_wconf 82' lang='grc'><strong>’</strong></span> 
     </span>
    </p>
   </div>
   <div class='ocr_carea' id='block_1_4' title="bbox 419 3881 2839 4087">
    <p class='ocr_par' dir='ltr' id='par_1_7' title="bbox 419 3881 2839 4087">
     <span class='ocr_line' id='line_1_36' title="bbox 569 3881 2839 3986; baseline 0.006 -29"><span class='ocrx_word' id='word_1_297' title='bbox 569 3885 1014 3980; x_wconf 62' lang='lat' dir='ltr'>⁴Instrumenta</span> <span class='ocrx_word' id='word_1_298' title='bbox 1037 3938 1059 3972; x_wconf 94' lang='lat'>,</span> <span class='ocrx_word' id='word_1_299' title='bbox 1133 3881 1495 3963; x_wconf 81' lang='lat' dir='ltr'>Macchinae</span> <span class='ocrx_word' id='word_1_300' title='bbox 1514 3883 1767 3982; x_wconf 85' lang='lat' dir='ltr'>quibus</span> <span class='ocrx_word' id='word_1_301' title='bbox 1792 3883 1917 3961; x_wconf 78' lang='lat' dir='ltr'>has</span> <span class='ocrx_word' id='word_1_302' title='bbox 1954 3883 2391 3982; x_wconf 84' lang='lat' dir='ltr'>operationes</span> <span class='ocrx_word' id='word_1_303' title='bbox 2414 3881 2788 3986; x_wconf 78' lang='lat' dir='ltr'>perficiunt</span> <span class='ocrx_word' id='word_1_304' title='bbox 2807 3885 2839 3970; x_wconf 66' lang='lat'>3&#39;</span> 
     </span>
     <span class='ocr_line' id='line_1_37' title="bbox 419 3981 2195 4087; baseline 0.002 -27"><span class='ocrx_word' id='word_1_305' title='bbox 419 3982 791 4084; x_wconf 82' lang='lat' dir='ltr'>minusque</span> <span class='ocrx_word' id='word_1_306' title='bbox 835 3981 1150 4087; x_wconf 80' lang='lat' dir='ltr'>vulgaria</span> <span class='ocrx_word' id='word_1_307' title='bbox 1188 3987 1630 4070; x_wconf 84' lang='lat' dir='ltr'>describenda</span> <span class='ocrx_word' id='word_1_308' title='bbox 1675 3992 1743 4065; x_wconf 74' lang='grc' dir='ltr'>δι</span> <span class='ocrx_word' id='word_1_309' title='bbox 1774 3986 2195 4064; x_wconf 85' lang='lat' dir='ltr'>delineanda.</span> 
     </span>
    </p>
   </div>
  </div>
 </body>
</html>
