3400 4725
1549 180 1592 281 )
1690 206 1747 264 0
1846 186 1887 281 c
2008 242 2013 247 ·
2861 198 2953 276 15

694 388 1014 467 Tandem
1075 389 1459 487 exploratio
1525 414 1867 485 aquatum
1941 385 2027 467 fit
2096 413 2222 487 per
2282 386 2811 464 destillationem
2876 390 2943 464 &
2996 360 3370 494 Ἐξῆῐίῗῖωῑξ

495 495 1083 589 evaporationem.
1191 492 1319 568 Per
1373 491 1895 589 destillationem,
1977 512 2059 569 ut
2097 515 2307 567 omne
2352 489 2635 565 volatile
2679 485 2945 587 separe·
3082 524 3239 572 aen.

492 611 645 668 tur:
721 596 986 692 aliquot
1023 594 1213 669 librae
1257 619 1450 690 aquae
1495 595 1845 669 mineralis
1895 595 1967 669 in
2016 591 2173 669 vase
2228 594 2459 669 vitreo
2499 590 2940 666 destillationi

488 697 1077 781 committuntur,
1157 699 1426 793 liquor,
1503 697 1622 791 qui
1679 697 1750 771 in
1809 722 1931 771 vas
1983 696 2319 793 recipiens
2371 688 2655 777 tranfit,
2734 711 2817 769 ut
2870 697 2939 770 δι

483 795 634 879 ille,
689 799 916 893 quiin
969 817 1225 874 retorta
1273 820 1621 879 remanet,
1682 822 1803 893 per
1851 801 2194 894 reagentia
2232 797 2733 891 explorantur,
2786 819 2933 891 quo

483 902 549 975 δε
594 901 893 993 partium
937 901 1142 975 variis
1193 901 1438 974 caloris
1485 899 1813 997 gradibus
1838 900 2221 975 volatilium
2264 918 2514 974 natura
2558 892 2933 995 cognosca-

483 1016 642 1083 tur,
703 1004 765 1075 ἃ
813 1002 1082 1097 qualem
1133 1001 1283 1097 post
1326 997 1820 1098 separationem
1872 1025 2109 1075 earum
2158 1024 2336 1097 aqua
2380 997 2784 1095 qualitatem
2824 1020 2933 1071 re·

479 1101 808 1174 tinuerit:
865 1102 1316 1177 destillatione
1359 1102 1442 1176 ad
1491 1100 1855 1177 siccitatem
1914 1103 2315 1177 continuata
2374 1119 2637 1175 retorta
2681 1096 2931 1194 majori

479 1199 620 1295 igni
656 1203 1076 1295 exponitur,
1161 1221 1238 1277 ut
1283 1201 1456 1275 nihil
1511 1203 1787 1276 volatile
1834 1203 1905 1275 in
1949 1200 2331 1277 sedimento
2373 1197 2679 1296 superfit.
2797 1202 2928 1276 Per
3116 1272 3224 1315 Μ

478 1305 1036 1395 Evaporationem
1071 1303 1376 1398 plurium
1426 1304 1759 1378 librarum
1810 1329 2049 1399 aquae,
2104 1331 2255 1400 qua:
2296 1304 2527 1377 itidem
2574 1298 2656 1378 fit
2692 1302 2765 1377 in
2802 1302 2926 1377 ¹va-
3006 1272 3337 1399 ,εἱ-αἶ’·

475 1395 546 1471 se
588 1403 854 1485 sitreo,
930 1427 1014 1476 eo
1073 1423 1306 1478 autem
1356 1426 1640 1497 apert03
1697 1406 1925 1499 liquor
1972 1403 2101 1478 sul>
2144 1404 2639 1499 evaporatione
2676 1403 2925 1479 turbu·

472 1498 706 1574 lentus
752 1503 1094 1589 ostendit,
1181 1506 1478 1601 partium
1530 1506 1600 1579 in
1658 1528 1834 1601 aqua
1878 1525 2365 1579 contentarum
2449 1502 2927 1599 prtecipitatio-

475 1623 634 1674 nem
706 1600 898 1689 fieri,
981 1631 1111 1700 pro
1167 1607 1662 1681 imminutione
1725 1608 2381 1703 quantitatis'aquae
2441 1606 2693 1681 harum
2765 1606 2925 1679 alia-

470 1724 755 1786 rumve,
833 1723 910 1781 ut
960 1706 1121 1780 inde
1164 1708 1248 1780 ad
1297 1732 1532 1781 earum
1574 1706 1860 1802 speciem
1912 1706 2550 1793 determinandam,
2632 1703 2921 1781 diverfis
3010 1732 3014 1737 ’

471 1803 907 1897 temporibus
983 1826 1198 1903 guttae
1263 1809 1553 1903 liquoris
1615 1810 1869 1881 lamina
1932 1811 2151 1882 vitrea
2198 1810 2465 1902 excipi,
2540 1808 2612 1879 in
2682 1808 2921 1880 eadem

468 1901 806 1977 leniffime
852 1903 1120 1993 ficcari,
1205 1912 1270 1984 δι
1320 1906 1776 2005 ηἰίσιὉΓεορίο
1833 1906 2129 2003 conspici
2180 1909 2521 1991 debeant,
2602 1918 2925 2003 prtzter'ea

468 2002 628 2077 vase
688 2006 773 2080 ab
829 2009 988 2104 igne
1046 2032 1362 2094 remoto,
1445 2012 1552 2095 id,
1630 2012 1823 2107 quod
1863 2038 1949 2085 ex
2001 2013 2271 2108 liquore
2324 2007 2562 2084 sensnm
2614 2010 2702 2082 ad
2766 2007 2925 2083 fun·

465 2102 635 2178 dum
690 2107 915 2193 cadit,
969 2104 1244 2183 seorflm
1301 2112 1696 2207 colligitur,
1775 2117 1842 2186 &
1892 2113 2121 2208 liquor
2158 2114 2395 2189 denuo
2440 2110 2921 2206 evaporationi

463 2210 968 2293 committitur,
1049 2214 1115 2285 8ι
1155 2213 1528 2295 convenit,
1627 2231 1708 2287 ut
1765 2211 1835 2285 id
1886 2214 2088 2287 toties
2143 2210 2305 2293 fiat,
2394 2210 2669 2306 quoties
2730 2231 2925 2293 nova
2995 2209 3000 2215 ’

461 2310 912 2406 praecipitatio
972 2312 1588 2388 animadvertitur:
1691 2338 1871 2410 aqua
1936 2313 2427 2410 evaporatione
2496 2308 2639 2388 fere
2721 2310 2919 2386 omni

462 2407 824 2494 absumta,
879 2438 994 2495 ea,
1050 2439 1205 2508 quae
1251 2412 1586 2508 superest,
1642 2415 1714 2487 in
1756 2417 1913 2489 loco
1963 2412 2211 2510 frigido
2260 2416 2582 2509 ponitur,
2642 2434 2718 2487 ut
2762 2438 2918 2507 cry·

460 2509 628 2587 stalli
696 2510 969 2596 salinae,
1084 2511 1131 2588 fi
1205 2539 1360 2609 quae
1419 2511 1701 2598 insunt,
1792 2510 2205 2590 formentur.
2359 2512 2975 2591 Sedimentorum‘
3036 2599 3041 2603 ,

459 2616 827 2700 omnium,
909 2619 975 2690 &
1030 2613 1511 2712 crystallorum
1565 2616 1843 2710 pondus
1896 2616 2441 2699 determinatur,
2523 2637 2603 2691 ut
2648 2617 2922 2710 quanti-

346 2778 351 2783 .
459 2733 562 2792 tas
613 2713 1238 2813 heterogeneorum
1291 2713 1600 2794 fixorum
1655 2739 1924 2814 pateat3
2000 2719 2200 2811 cujus
2258 2739 2487 2795 autem
2550 2717 2801 2794 indolis
2848 2721 2914 2796 St
2980 2749 2983 2754 ·

459 2837 730 2894 naturae
775 2817 948 2901 fint,
1028 2819 1359 2892 omnibus
1415 2820 1545 2893 illis
1595 2820 1901 2892 artificiis
1946 2819 2329 2915 detegitur,
2407 2844 2562 2914 quae
2608 2817 2919 2898 Chemiae
2967 2871 2970 2876 -

455 2917 735 2996 scientia
778 2920 1126 3016 praecipit,
1213 2920 1617 3003 ablutione,
1695 2946 1893 3016 aquae
1946 2926 2031 2994 ad
2103 2921 2543 2996 abluendum
2590 2919 2917 2996 adhibitae

456 3019 950 3117 inspissatione,
994 3019 1592 3116 crystallilatione3
1639 3020 2183 3096 sedimentorum
2222 3023 2715 3107 calcinatione3
2754 3045 2915 3097 cum

456 3120 932 3198 inflammabili
975 3122 1425 3208 tractatione,
1481 3149 1566 3199 an
1616 3122 1777 3196 inde
1825 3120 2006 3196 forte
2056 3122 2345 3217 sulphur
2404 3122 2758 3205 eliciatur,
2813 3119 2921 3196 so-

457 3224 728 3300 lutione
788 3247 921 3319 ope
958 3224 1495 3300 menstruorum
1560 3227 1965 3308 variorum,
2049 3226 2338 3321 aliisque
2398 3224 2925 3321 operationibus

452 3323 571 3403 hic
606 3352 755 3402 non
805 3323 1249 3423 explicandis.
1910 3323 1946 3398 .’
2581 3364 2585 3370 -
3300 3405 3316 3418 ,

654 3428 932 3505 Natura
981 3451 1175 3524 aquae
1228 3424 1576 3502 mineralis
1621 3449 1754 3521 ope
1812 3423 2107 3522 analysis
2154 3425 2465 3511 detesta,
2566 3419 2913 3522 synthcfis
2967 3397 3355 3544 ”ffatssfflm

399 3521 406 3528 ’
450 3525 613 3607 dein
659 3527 1056 3608 adhibenda
1085 3519 1223 3616 est,
1287 3549 1365 3606 ut
1404 3528 1743 3606 imitando
1781 3527 2191 3626 hujusmodi
2238 3551 2488 3627 aquam
2546 3524 2915 3707 eognnogch·
2986 3541 3338 3678 coanguan-

2892 3679 2918 3718 9
3375 3675 3378 3680 ,

594 3833 700 3904 ujus
738 3830 1009 3893 vitriolum
1039 3850 1071 3889 a
1109 3834 1162 3892 6.
1206 3851 1252 3893 e.
1297 3844 1347 3907 3.
1399 3849 1443 3892 e.
1482 3835 1542 3894 6.
1635 3825 1850 3888 terrum
1908 3830 1979 3906 δ’
2022 3833 2125 3899 ejus
2162 3832 2435 3890 ostreatum
2495 3851 2529 3888 ο
2560 3843 2608 3899 ς.
2652 3833 2705 3886 6.
2762 3847 2809 3896 e,
2857 3841 2913 3899 3.

593 3909 811 3980 Sulplmr
851 3908 898 3966 b.
945 3927 987 3966 ι.
1057 3905 1103 3964 d.
1169 3922 1217 3967 1.
1258 3923 1310 3969 2.
1356 3919 1408 3981 2.
1477 3945 1492 3962 .
1605 3917 1670 3976 ‚50
1749 3906 1887 3962 Salia
1925 3907 2085 3963 media
2142 3923 2185 3964 e.
2224 3919 2277 3980 3.
2358 3905 2629 3981 speciatim
2662 3897 2751 3970 sal
2792 3901 2921 3958 culi·

1344 3999 1366 4041 Ι

587 3999 711 4107 :are
748 3981 819 4048 εἴ
856 3983 959 4051 ejus
994 3979 1194 4042 aci-hem
1235 3983 1290 4050 d,
1373 4018 1395 4048 0
1436 3923 1490 4040 θ’.
1529 3919 1587 4050 π3..
1688 3983 1906 4039 Alumeu
1954 4000 2000 4042 a.
2062 3998 2111 4044 ι.
2177 3998 2222 4040 c·
2268 3995 2321 4052 ς.
2395 3981 2488 4043 ὑσὶ
2538 3978 2918 4046 ammonium!

621 4091 641 4116 ο
679 4071 740 4123 4ο
