3400 4725
217 380 477 451 turam
551 381 788 478 atque
859 345 1316 469 praestantia
1373 344 1606 438 bona
1666 373 1821 468 per
1880 339 2076 437 alias
2140 342 2536 466 regiones
2582 412 2610 456 ,
2706 373 2806 440 ae

212 556 349 648 per
422 524 904 614 Helvetiam
981 522 1344 609 nostram
1420 513 1848 607 diffudisse
1892 581 1920 625 ,
2018 544 2299 635 caque
2380 545 2563 603 non
2644 520 2805 604 rni-

211 723 355 783 nus
433 692 688 816 digna
756 690 917 783 effe
962 756 990 800 ,
1082 718 1267 809 quae
1346 686 1454 777 ab
1529 686 1917 807 Historia:
1976 682 2404 773 Naturalis
2464 682 2801 775 cultore
2925 800 2928 803 .

214 859 638 981 diligenter
697 860 1295 967 observentur,
1361 860 1443 948 &
1507 853 2097 973 explorentur·
2222 857 2428 941 Haec
2489 855 2789 972 copio-

215 1024 283 1119 sa
345 1032 423 1119 &
497 1028 717 1148 larga
797 1028 877 1115 in
955 1030 1301 1146 regione
1371 1022 1925 1113 amoeniffima
2003 1020 2792 1141 Berchtolsgadensr

215 1199 600 1286 Dominio
676 1196 919 1285 TUO
1001 1192 1369 1310 subjeeta
1445 1196 1992 1280 invenimus:
2086 1186 2363 1280 solum
2427 1190 2851 1309 lubalpi-·

215 1392 455 1470 num,
537 1356 857 1468 fertile,
933 1358 1330 1449 industria
1391 1357 1864 1447 incolarum
1929 1355 2152 1448 bene
2215 1357 2597 1467 cultum,
2660 1386 2797 1445 ar-

212 1529 541 1619 boribus
603 1528 799 1615 varii
860 1528 1190 1645 generis
1252 1524 1518 1633 diveS,
1581 1527 1799 1616 inter
1860 1556 2074 1647 quas
2134 1530 2353 1614 Acer
2410 1525 2796 1643 pseudo-

212 1696 570 1814 platanus
641 1692 1016 1803 dietum,
1100 1700 1178 1787 &
1245 1699 1464 1787 Acer
1545 1691 2074 1811 platanoides
2157 1688 2601 1805 eminent,
2706 1696 2792 1786 &

213 1892 379 1979 quae
434 1860 542 1949 ad
599 1855 1004 1949 insolitam
1062 1858 1236 1950 fere
1297 1859 1522 1948 Tiliae
1583 1854 2191 1977 proceritatem
2246 1865 2330 1952 &
2388 1862 2793 1979 amplitu-

214 2022 480 2115 dinem
556 2024 995 2116 crescentia
1073 2026 1338 2115 mirati
1425 2024 1765 2118 sumus.'
1914 2027 2413 2149 Totamque
2497 2029 2791 2146 regio-

213 2218 391 2277 nem
459 2192 754 2309 plantis
828 2191 1055 2281 haud
1131 2191 1694 2307 vulgaribus,
1788 2193 2255 2310 multisque
2333 2194 2793 2311 subalpinis
2934 2258 2939 2263 ·

208 2352 659 2443 instruetam
720 2354 880 2446 esse
923 2421 950 2466 ,
1047 2355 1181 2444 vel
1247 2354 1751 2475 Cyclamina
1814 2358 1895 2446 &
1964 2356 2413 2446 Hellebori
2455 2423 2486 2467 ,
2579 2358 2794 2447 aliae-

206 2548 358 2637 que
414 2520 709 2638 plantae
743 2585 771 2629 ,
849 2521 1018 2637 jam
1075 2519 1182 2607 ad
1243 2549 1485 2607 oram
1545 2523 1695 2607 viae
1755 2521 2112 2637 publicae
2164 2521 2508 2640 copiose
2569 2523 2792 2614 cres-

205 2708 526 2794 centeS,
607 2683 1212 2792 ostenderunt,
1316 2705 1414 2772 ut
1468 2682 1668 2770 hinc
1727 2684 1976 2774 valde
2037 2685 2597 2797 doleremuS,
2680 2688 2791 2780 ad

203 2846 514 2979 altiores
593 2874 928 2940 montes
1021 2844 1724 2937 conscendendos
1795 2871 2137 2970 tempus
2220 2884 2398 2942 non
2477 2856 2791 2978 suppe-

205 3009 414 3100 tiisse.
561 3014 871 3102 Indicia
931 3037 1327 3134 praeterea
1386 3011 1500 3101 fat
1559 3014 1821 3103 multa
1876 3015 2331 3110 habuimus
2374 3086 2402 3130 ,
2499 3025 2786 3142 regio-

206 3201 386 3265 nem
460 3177 892 3323 produffis
969 3181 1205 3297 regni
1278 3178 1706 3267 mineralis
1797 3213 1971 3272 non
2061 3187 2343 3276 minus
2428 3187 2785 3277 divitem

94 3425 96 3428 ,
205 3313 422 3447 effe,
516 3373 773 3464 quam
834 3345 1312 3463 plantarum
1375 3331 1791 3434 rariorum
1853 3350 2124 3467 copia.
2269 3354 2491 3460 Quis
2551 3381 2787 3471 quae-
2861 3350 2865 3354 ’

62 3525 64 3604 j
208 3497 289 3588 so
355 3534 528 3593 non
610 3506 1143 3627 obstupescet
1239 3506 1787 3596 considerans
1872 3512 2365 3598 immensam
2440 3513 2783 3602 massam

211 3660 526 3759 salinam
593 3673 677 3760 in
764 3698 1056 3814 monte
1135 3673 1526 3793 proxime
1605 3672 1714 3761 ad
1794 3676 2552 3767 PR1NC1PALEM
2628 3684 2780 3768 Se·-

64 3919 66 3922 ,
207 3824 396 3960 dem
451 3834 774 3926 TUAM
813 3836 985 3925 ¹(ito
1046 3825 1626 3946 reconditam,
1720 3837 1917 3925 hinc
1977 3836 2174 3954 inde
2233 3862 2563 3931 tantum
2624 3843 2777 3933 ali-

205 4018 370 4107 qua
422 4018 639 4086 terra
693 3997 1123 4118 argillacea
1176 4006 1259 4099 &
1317 3999 1632 4125 gypsea
1689 4003 2037 4095 mixtam
2079 4069 2114 4117 ,
2210 4029 2310 4101 ut
2366 4005 2472 4098 ad
2532 4007 2776 4128 puri-
