3400 4725
1213 118 1867 335 ),ο(
2840 212 2931 287 13

466 396 835 499 questam,
937 422 1144 496 quam
1215 390 1528 496 crystalli·
1571 421 1658 477 ex
1706 394 2067 473 connubio
2119 421 2209 473 ex
2247 392 2448 472 acido
2500 419 2665 473 cum
2722 393 2931 475 alcali

471 502 882 601 vegetabili,
939 500 1241 598 indeque
1285 499 1727 587 commodius
1775 499 2155 573 examinati
2204 496 2485 595 possint.

683 626 749 697 3.
805 603 1026 679 Alcali
1063 605 1338 685 volatile
1385 603 1458 675 in
1512 626 1687 697 aqua
1740 600 2067 677 destillata
2110 596 2465 689 solutum,
2564 602 2677 678 vel
2720 600 2931 701 spiri·

467 729 580 785 tus
617 708 784 802 fiilis
850 716 1242 783 ammoniaci
1287 702 1528 781 itidem
1581 725 1796 777 terras
1858 706 1924 777 ἃ
1982 704 2255 776 metalla
2325 705 2397 778 in
2463 731 2641 803 aqua
2697 702 2924 780 soluta

463 812 742 908 prodit,
825 808 944 892 ubi
993 811 1353 903 vitriolurn
1413 806 1607 897 cupri
1663 803 1882 887 inest,
1939 803 2075 879 hoc
2128 804 2365 880 colore
2416 808 2723 883 coetuleo
2774 830 2923 882 ma·

459 908 783 987 nist-stum
827 906 957 991 fit3
1013 910 1370 987 vitriolum
1431 904 1593 981 ferri
1649 907 1885 979 colore
1925 906 2327 999 nigricante.

662 1030 735 1105 4.
805 1017 1021 1087 Terra
1055 1008 1463 1107 ponderosa,
1519 1007 2145 1083 BERGMANNO
2194 1008 2419 1094 dieta,
2497 1006 2638 1085 five
2694 1016 2919 1089 Terra

447 1110 639 1212 gypsi
656 1106 988 1209 spumosi,
1045 1112 1320 1185 acidum
1364 1107 1830 1187 vittiolicum,
1885 1106 1955 1177 in
2000 1131 2416 1203 quacunque
2456 1108 2680 1185 forma
2717 1113 2916 1207 aquis

455 1215 667 1295 inest,
723 1206 1282 1305 cognoscendum
1327 1206 1626 1303 praebet,
1710 1205 1901 1297 quod
1954 1227 2208 1281 terram
2270 1205 2725 1303 ponderosam
2767 1214 2916 1286 avi-

455 1316 542 1387 de
586 1312 917 1405 excipiat,
977 1316 1043 1384 &
1093 1333 1296 1385 antea
1335 1311 1566 1385 secum
1627 1309 1855 1387 unita,
1916 1311 1981 1382 &
2032 1308 2206 1380 adeo
2253 1313 2440 1384 alcali
2490 1313 2907 1407 vegetabile,

453 1414 787 1487 dimittat:
840 1406 1040 1486 iimul
1075 1408 1396 1509 spatham
1439 1404 1957 1505 ponderosum,
2014 1403 2131 1482 vel
2154 1409 2474 1508 Gypsum
2504 1408 2907 1510 spathosum

450 1513 901 1591 constituunt.

457 1637 466 1645 ·
661 1634 723 1706 5.
781 1621 982 1711 Aqua
1044 1616 1240 1691 calcis
1301 1622 1472 1689 vivte
1535 1637 1759 1689 recens
1812 1632 2069 1711 parata
2124 1614 2500 1709 praecipitat
2554 1641 2641 1691 ex
2702 1618 2901 1713 aquis

451 1742 561 1794 eas
610 1714 960 1803 selenitaS,
1036 1743 1194 1815 quae
1249 1741 1394 1790 non
1451 1741 1578 1812 pro
1631 1712 1768 1787 bali
1834 1714 2093 1788 habent
2164 1716 2450 1789 eandem
2512 1716 2899 1813 specificam

446 1843 698 1895 tertam
743 1820 1141 1904 calcariam,
1224 1819 1595 1915 praecipitat
1654 1816 1858 1891 etiam
1920 1838 2169 1890 terrani
2226 1818 2599 1903 aluminis,
2690 1840 2769 1895 ut
2830 1822 2897 1894 St

442 1944 668 2019 partes
719 1922 1088 1997 metallicas
1143 1923 1213 1995 in
1265 1922 1461 2016 aquis
1509 1918 1790 2000 solutas.
1898 1920 2115 2013 Aquis
2174 1931 2331 1993 aere
2390 1918 2541 1994 fixo
2580 1921 2899 2017 impraeg-

439 2026 618 2099 natis
654 2022 971 2095 instillata
1000 2075 1020 2106 ‚
1077 2024 1227 2097 calx
1274 2019 1500 2096 forma
1543 2018 1911 2114 conspicua
1946 2022 2031 2093 de
2070 2019 2418 2096 solutione
2452 2022 2891 2098 deturbatur.

636 2121 705 2198 d.
769 2125 1067 2220 Crystalli
1127 2128 1319 2195 Lunae
1381 2130 1452 2194 in
1502 2148 1680 2215 aqua
1726 2120 2039 2214 deliillata
2084 2121 2314 2213 fivlueae
2360 2124 2467 2196 vel
2525 2125 2882 2199 minimam
2943 2166 3327 2240 apersolutio-
3397 2166 3400 2221 ὲ

432 2224 608 2302 acidi
656 2221 807 2299 salis
853 2228 1242 2319 portionem
1296 2219 1435 2297 five
1490 2221 1722 2307 liberi,
1780 2220 1921 2297 live
1977 2224 2259 2298 cuilibet
2301 2222 2412 2298 alii
2462 2222 2601 2301 basi
2656 2224 2885 2301 adhae-
2940 2223 3320 2301 aestatim&

431 2327 692 2409 tentis,
774 2324 1128 2409 indicant-3
1222 2325 1712 2421 praecipitaturi]
1774 2324 1869 2398 est
1922 2324 2204 2408 album,
2293 2326 2673 2425 lunamque
2728 2352 2885 2403 cor·
2965 2315 3304 2376 mmmm
3395 2330 3400 2392 ἒ

428 2452 642 2506 nuam
695 2427 1067 2503 constituit.
1179 2427 1354 2501 Calx
1395 2429 1461 2498 Sc
1523 2423 1875 2523 Magnesia
1929 2450 2090 2498 eum
2153 2426 2349 2500 acido
2409 2440 2611 2502 aereo
2664 2431 2881 2504 unitae
3396 2443 3398 2446 ⁴

427 2529 737 2610 fimilitet
805 2550 1166 2627 argentum
1237 2527 1587 2619 dejiciunt.
1698 2527 1766 2601 Si
1825 2525 2136 2622 Sulphur
2200 2527 2422 2604 forma
2486 2532 2748 2626 hepatis
2805 2531 2882 2606 in

425 2637 622 2729 aquis
680 2625 984 2706 solutum
1039 2631 1375 2714 habetur,
1449 2649 1819 2727 argentum
1861 2631 1947 2706 ad
1995 2629 2293 2708 fundum
2352 2631 2643 2719 cadens,
2719 2632 2880 2731 plue

419 2734 654 2810 minus
709 2729 1037 2808 fuscescit.

627 2852 698 2919 2,
757 2834 1007 2910 Salutio
1047 2840 1356 2909 mercurii
1397 2840 1468 2908 in
1519 2859 1700 2930 aqua
1732 2833 1916 2931 sorti
1966 2861 2211 2932 magna
2263 2834 2873 2935 circumspee‘tione
2954 2857 2959 2862 ·

375 2933 816 3010 adhibenda
865 2934 999 3020 est,
1090 2935 1282 3030 quod
1345 2933 1684 3008 diversam
1740 2936 1989 3010 habeat
2055 2938 2361 3013 indolem
2406 2967 2534 3037 pro
2595 2934 2869 3011 diverso

421 3037 788 3112 solutionis
833 3058 1220 3111 momento.
1331 3038 1398 3110 Si
1448 3028 1760 3112 offendat
1798 3033 1888 3110 sal
1940 3039 2323 3125 marinum,
2378 3063 2500 3117 aut
2542 3039 2692 3133 ejus
2734 3039 2869 3114 aci-

423 3139 634 3221 dum,
709 3139 1156 3232 praecipitatio
1209 3135 1294 3213 fit
1341 3134 1535 3218 alba;
1613 3139 2035 3213 vitriolieum
2091 3141 2585 3237 praecipitatum
2639 3142 2867 3234 primo

418 3240 514 3316 est
555 3239 830 3324 album,
910 3236 1152 3315 sensim
1199 3258 1433 3314 autem
1483 3237 1889 3314 flavedinem
1948 3239 2218 3323 induit;
2296 3243 2385 3317 ab
2438 3243 2683 3340 hepate
2727 3237 2870 3316 sul-

413 3339 665 3438 phuris
725 3341 1224 3435 praecipitatum
1279 3338 1361 3414 fit
1402 3337 1667 3414 fuscum
1714 3341 1822 3415 vel
1863 3342 2255 3438 nigricans3
2324 3343 2411 3418 ab
2458 3343 2655 3418 aleali
2707 3367 2871 3416 cau--

411 3443 583 3518 stico
687 3441 1052 3538 vegetabili
1089 3437 1294 3516 '‘albo
1363 3436 1733 3516 flavescens
1776 3491 1798 3522 ‚
1913 3445 2001 3515 ab
2086 3444 2331 3519 eodem
2416 3456 2571 3518 aere
2661 3442 2864 3538 plene

347 3599 352 3604 .
416 3543 886 3639 imptaegnato
956 3541 1239 3626 albanu
1323 3567 1362 3616 a
1425 3538 1563 3615 sale
1626 3540 1807 3617 sodae
1856 3542 2154 3628 flavum,
2212 3549 2351 3622 cito
2421 3546 2584 3620 dein
2630 3543 2857 3618 albes-

421 3668 634 3728 censs
709 3642 797 3718 ab
841 3644 1031 3719 alcah·
1075 3643 1337 3718 volatili
1383 3643 1582 3738 nigro
1616 3641 1961 3741 griseum,
2027 3664 2149 3720 cet.

625 3761 692 3834 3.
743 3742 1148 3820 saccharum
1173 3750 1464 3820 'Saturni
1531 3752 1603 3818 in
1653 3771 1831 3843 aqua
1893 3747 2207 3842 desimam
2252 3747 2553 3840 solutum
2621 3751 2869 3846 praeci·

410 3843 749 3942 pitatione
809 3847 963 3924 alba
1027 3847 1300 3922 aeidum
1350 3842 1502 3923 salis
1556 3865 1698 3921 tam
1752 3845 2046 3923 liberum
2101 3874 2313 3943 quam
2363 3853 2653 3951 ligatum
2718 3874 2859 3926 ma-

409 3941 993 4038 nifestumfaein
1041 3945 1428 4028 sedimento
1462 3945 1655 4029 fusco
1704 3949 1817 4025 vel
1856 3953 2059 4051 nigro
2107 3946 2403 4052 sulphur
2434 3950 2753 4052 praesens.

1575 4050 1724 4140 133
2432 4079 2465 4086 ··
2617 4058 2869 4149 4111·-
