3400 4725
588 440 677 509 42
1543 397 1686 492 33:⁸0
1780 394 2087 493 ΚΛΗ

591 632 793 690 mus,
848 594 1410 697 conceptaculum
1467 588 1622 669 fiatis
1677 588 1965 670 firmum
2006 586 2130 667 effe
2183 587 2453 688 potest.
2510 588 2727 663 modo
2770 590 3044 685 pondus

566 714 736 811 *ejus
783 708 1209 802 aliquantum
1264 698 1496 773 minus
1545 694 1630 772 fit
1675 692 1859 772 hisce
1916 705 2109 791 1562
2159 700 2200 785 ὲ
2254 693 2449 769 libris
2498 694 2672 771 aeris
2722 692 3044 791 expullis.

1714 862 2062 962 XX...

745 1041 1155 1137 intelligitur
1210 1066 1296 1115 cx
1341 1036 1576 1121 dictis,
1633 1022 1883 1133 globos
1928 1037 2013 1111 ad
2060 1063 2171 1112 eas
2204 1034 2687 1132 atmosphaerae
2727 1033 3041 1131 regiones

591 1141 1043 1227 ascensuros,
1122 1166 1418 1237 quarum
1479 1140 1839 1214 volumina
1912 1140 2221 1234 ejusdem
2288 1138 2619 1234 ponderis
2670 1134 2829 1210 sunt
2879 1162 3054 1210 cuin-

589 1245 1069 1327 voluminibus
1128 1242 1505 1341 tequalibus
1549 1240 1807 1318 horum
1862 1240 2241 1339 globorum
2293 1240 2883 1317 acrostaticorum.

1697 1413 1918 1501 XXI.

740 1586 952 1665 Globi
1007 1585 1240 1683 primte
1281 1581 1517 1682 speciei
1569 1591 1624 1673 §.
1686 1604 1798 1675 19.
1856 1584 2171 1661 indicatae
2210 1610 2421 1682 quam
2476 1581 2787 1679 primum
2828 1578 2909 1653 ad
2946 1580 3043 1653 al-

589 1693 956 1768 titudinem
1008 1696 1065 1775 §.
1118 1704 1234 1763 20.
1281 1692 1531 1763 dicium
1577 1712 2095 1785 pervenerunt,
2150 1691 2406 1763 ibidem
2448 1684 2860 1767 haerebunt,
2918 1709 3041 1758 nec
3095 1724 3105 1735 ·

591 1793 997 1875 ascendent,
1054 1815 1178 1865 nec
1222 1789 1677 1874 descendent,
1737 1790 1857 1866 nili
1889 1790 2067 1865 forte
2118 1812 2501 1865 ventorum
2555 1788 2624 1859 vi
2664 1786 2826 1861 hinc
2882 1784 3042 1858 inde

591 1895 763 1996 pulfi
796 1947 816 1982 ,
875 1899 940 1971 ἃ
971 1891 1094 1969 nist
1136 1893 1394 1969 interea
1436 1892 1915 1991 atmosphaerae
1963 1898 2383 1968 variationes
2428 1890 2771 1989 praecipue
2805 1888 3037 1983 quoad

591 2000 887 2077 calorem
939 1996 1287 2073 accidant:
1367 1997 1462 2073 ob
1510 2009 1734 2073 aerem
1782 1998 1987 2073 etiam
2042 1993 2435 2080 inclusum,
2504 1989 2571 2067 se
2621 1991 2691 2065 in
2737 1992 3036 2087 regioni-

593 2100 726 2177 bus
765 2098 1230 2195 superioribus
1268 2096 1744 2195 atmosphaerae
1788 2102 2022 2174 minus
2065 2096 2290 2173 denlis
2328 2094 2716 2171 clasticitatc
2754 2090 2871 2167 sua
2899 2091 3040 2167 for-

591 2204 728 2277 tius
785 2200 1170 2296 expandere
1218 2202 1549 2277 nitentem
1586 2254 1607 2286 ,
1667 2198 1939 2277 sublato
1989 2199 2427 2298 aequilibrio‚
2503 2220 2650 2271 non
2697 2219 2852 2268 raro
2903 2192 3040 2265 dis..

586 2303 994 2402 ploduntur.
1109 2302 1209 2382 Ad
1239 2304 1712 2402 navigandum
1749 2330 1913 2404 ergo
1948 2304 2020 2380 in
2066 2316 2218 2380 aere
2260 2300 2332 2381 hi
2357 2298 2614 2382 servire
2657 2316 3033 2399 nequeunt.

1687 2479 1951 2564 XXll.

747 2641 848 2720 Ad
878 2643 1385 2742 navigationem
1413 2648 1483 2722 in
1519 2654 1674 2722 aere
1711 2645 1923 2723 altera
1964 2647 2307 2724 dictarum
2352 2645 2843 2723 machinarum
2891 2667 3032 2718 me-

589 2744 722 2820 lius
745 2744 1153 2830 adhibeturs
1180 2749 1336 2843 igne
1367 2751 1548 2823 enim
1578 2755 1788 2824 audio
1816 2775 1892 2824 ca
1920 2749 2239 2832 ascendit,
2264 2751 2641 2823 imminuto
2659 2747 3030 2830 descendit,

593 2845 1030 2922 excursiones
1073 2869 1306 2922 autem
1355 2854 1425 2925 in
1476 2854 1709 2947 plagas
1757 2854 1982 2926 varias
2026 2877 2171 2926 non
2216 2852 2303 2924 ab
2360 2851 2650 2926 arbitrio
2700 2849 3035 2948 navigan·

593 2948 809 3035 tium,
864 2943 980 3023 sed
1023 2947 1108 3022 ab
1147 2949 1440 3048 imperio
1488 2955 1685 3028 Aeoli
1742 2954 2043 3050 pendere
2098 2953 2448 3034 videntur.

1666 3088 1959 3217 xxm.

740 3291 1281 3394 Qualescunque
1330 3300 1395 3384 St
1432 3297 1957 3396 quanticunque
2004 3295 2221 3375 futuri
2275 3318 2482 3376 erunt
2525 3290 2911 3396 progressus
2954 3294 3027 3369 in

591 3395 1016 3472 emendanda
1061 3402 1127 3473 &
1176 3396 1588 3494 perficienda
1645 3402 1967 3476 machina
2006 3403 2403 3478 ae'rustatica
2435 3454 2458 3487 ,
2533 3426 2609 3474 ea
2653 3422 2884 3474 tamen
2940 3394 3037 3470 ad-

590 3519 746 3575 tuto
795 3499 1264 3596 navigandum
1323 3527 1686 3598 nunquam
1742 3503 2055 3578 adhiberi
2108 3507 2359 3602 poterit
2409 3558 2429 3590 ,
2510 3498 2634 3578 nifi
2682 3503 2837 3597 quis
2875 3523 3029 3595 per-

591 3624 820 3695 peram
865 3599 1157 3678 statucre
1205 3605 1412 3688 velit,
1471 3604 1869 3702 potestatem
1930 3633 2137 3704 penes
2186 3610 2404 3682 ullum
2452 3604 2823 3682 hominum
2860 3599 3018 3682 else,

590 3704 768 3799 leges
815 3723 1076 3778 naturae
1114 3708 1474 3781 mutandi:
1530 3708 1686 3800 quis
1726 3733 1792 3781 v.
1832 3734 1931 3803 gr.
1979 3712 2117 3784 ulla
2159 3731 2304 3784 arte
2356 3710 2687 3804 impedire
2722 3705 3018 3788 vaiebit,

591 3803 966 3898 quominus
1018 3805 1207 3879 venti
1254 3806 1634 3902 impetuose
1689 3830 1966 3883 ruentes
2013 3815 2077 3883 &
2126 3811 2465 3884 turbones
2520 3811 2661 3882 vim
2720 3805 2908 3881 suam
2949 3805 3021 3877 in

591 3903 979 3978 machinam
1003 3929 1365 3981 exerceant
1395 3959 1416 3992 ,
1469 3934 1757 4003 eamque
1782 3912 2220 4000 prosternant
2248 3963 2268 3995 ,
2326 3913 2436 3984 vel
2459 3961 2481 3995 ‚
2522 3908 2565 3984 si
2596 3912 2824 3986 adhuc
2848 3908 3023 3983 bene

598 4006 868 4100 agitur,
921 4007 1220 4083 maxima
1265 4009 1604 4084 celeritate
1631 4012 1715 4082 ad
1754 4007 1976 4084 diffita
2012 4012 2203 4096 loca,-
2259 4013 2345 4088 ad
2382 4037 2536 4110 quae
2564 4013 2842 4091 cursum
2868 4033 3021 4088 ten-

597 4105 755 4179 dere
797 4108 1215 4191 noluerunt‚
1273 4112 1699 4202 propellente
1748 4111 1829 4184 *id
1860 4109 2051 4186 facile
2075 4117 2463 4209 colligitur,
2519 4119 2710 4212 quod
2760 4127 2825 4197 ἃ
2868 4143 3021 4192 mo-

596 4218 711 4281 tus
741 4203 815 4280 in
850 4201 1065 4283 fluido
1091 4204 1372 4310 subtili,
1423 4210 1628 4305 quale
1663 4219 1782 4286 aer
1820 4210 1956 4299 est,
2011 4212 2555 4310 expeditiffimus
2596 4214 2721 4302 fit,
2783 4223 2849 4294 δι
2895 4218 3025 4290 im·—
