3400 4725
620 257 664 327 x
1587 226 2145 328 maxa&

305 498 318 515 .
403 494 420 513 .
783 430 941 512 Huc
993 431 1054 507 ἃ
1097 424 1468 504 referamus
1481 421 1796 520 scientias
1826 426 2033 509 alias,
2096 448 2255 521 quae
2296 416 2694 501 adsensum
2740 426 2955 525 pulcri
2984 430 3078 509 af.

234 499 576 646 ffl‘ss‘ffiss:
627 530 1412 613 ficiendum·servientes
1441 580 1460 611 ,
1517 531 1723 602 etiam
1764 530 2165 627 pulei-arum
2213 548 2476 600 nomen
2528 532 2713 602 reete
2760 530 3078 609 obtinue.

589 662 832 718 runt:
891 637 1000 712 hae
1041 636 1366 732 elegantia
1415 633 1849 717 verborum,
1906 633 2021 707 vel
2072 626 2378 727 prosaica
2418 631 2739 707 oratione
2782 635 2888 709 vel
2934 664 3076 712 mc-

623 761 738 821 tro
783 736 1237 836 expressbruru
1272 786 1295 821 ,
1363 735 1538 830 aptis
1599 729 1797 811 fimul
1856 732 2315 818 fictionibus,
2392 735 2730 811 novitatis
2776 738 3075 834 quadam

624 843 882 941 specie,
958 841 1279 937 mirisque
1315 834 1427 913 sed
1461 842 1636 933 aptis
1680 863 1915 913 rerum
1956 837 2601 914 combinationibus
2634 842 2699 913 &
2746 843 3077 915 variatio-

620 946 827 1022 nibus
875 943 1134 1039 placere
1187 944 1254 1017 ἀ
1309 938 1614 1038 prodelse
1655 939 1979 1017 student:
2054 937 2274 1042 poesin
2323 940 2524 1035 cique
2575 936 2823 1015 affines
2868 938 3079 1019 scien·

625 1050 751 1125 tias
811 1046 1272 1145 intelligimus.
1329 1045 1415 1129 c)

265 1186 449 1248 ‚mum
478 1185 534 1247 ρ
770 1152 872 1229 Ut
905 1170 1136 1225 autem
1178 1152 1410 1224 rectus
1449 1144 1702 1224 harum
1749 1147 2003 1224 artium
2054 1148 2121 1223 &
2160 1143 2602 1223 scientiarum
2653 1142 2821 1223 usus
2852 1144 3077 1221 homi-

227 1257 548 1321 scientiarum
623 1251 831 1331 nibus
878 1252 997 1352 qui
1039 1277 1188 1329 non
1235 1249 1518 1329 hebetes
1551 1305 1573 1339 ,
1629 1248 1832 1328 sensu
1866 1252 2136 1351 pulcri,
2196 1251 2524 1347 ingenio,
2586 1254 2652 1327 ἃ
2700 1252 3079 1347 generatim

199 1334 568 1476 ‚ffissffi‘m'z
621 1352 1060 1435 facultatibus
1115 1352 1454 1452 requisitis
1503 1356 1853 1453 gaudent,
1912 1354 2114 1430 valde
2168 1354 2551 1441 conducit,
2612 1350 2754 1429 five
2794 1351 2913 1451 ipsi
2962 1380 3081 1450 ge-

291 1476 496 1549 abutao,
617 1461 740 1537 nio
776 1457 902 1536 suo
947 1456 1124 1534 felici
1174 1458 1365 1533 ducti
1408 1478 1516 1532 res
1553 1460 1827 1554 pulcras
1865 1455 2251 1555 effingant,
2308 1454 2453 1533 five
2492 1456 2580 1533 ab
2630 1459 2777 1531 aliis
2818 1457 3081 1552 produ-

321 1561 338 1577 ”
511 1574 514 1579 ’
617 1567 762 1641 ἀπε
803 1561 934 1638 rite
981 1558 1312 1636 aestimare
1356 1560 1674 1645 valeant,
1754 1561 1849 1638 ita
1891 1560 1977 1636 ab
2022 1560 2234 1637 altera
2287 1580 2479 1657 parte
2514 1584 2552 1635 a
2585 1561 2781 1635 malis
2828 1558 3081 1634 harum
3125 1636 3132 1642 ,

622 1667 876 1745 artium
917 1664 1384 1741 imitatoribus
1412 1716 1435 1749 ,
1492 1661 1883 1763 spuriisque
1928 1690 2167 1741 earum
2212 1662 2418 1749 filiis,
2476 1662 2750 1742 sensum
2794 1690 2940 1740 non
2986 1660 3089 1736 sa-

624 1768 713 1846 tis
742 1788 1024 1844 acutum
1069 1791 1370 1864 eumque
1402 1767 1634 1862 potius
1661 1766 2122 1862 depravatum
2148 1766 2615 1851 habentibus,
2662 1768 2815 1864 plus
2848 1764 3087 1839 damni

633 1896 842 1971 quam
876 1870 1044 1946 boni
1081 1866 1620 1967 exspectandum
1661 1872 1810 1945 erit.
1918 1872 2127 1946 Artes
2168 1872 2427 1970 pulcrae
2451 1870 2775 1968 genuina:
2812 1891 3085 1943 carum·

619 1999 760 2071 que
800 1998 1011 2069 opera
1047 1997 1191 2048 non
1233 1992 1508 2049 tantum
1553 1973 1623 2048 in
1665 1968 1902 2048 sensus
1950 1994 2216 2071 agunt,
2290 1970 2404 2048 sed
2460 1978 2526 2049 &
2567 1975 2652 2047 ad
2700 1969 3082 2066 superiores

621 2076 836 2152 animi
881 2072 1234 2151 facultates
1268 2074 1723 2171 pertingunt,
1778 2100 1892 2152 eas
1946 2077 2330 2161 attollunt,
2386 2076 2475 2150 ad
2513 2076 2938 2151 intellectum
2978 2096 3083 2147 re-

621 2198 786 2259 rum
813 2229 836 2262 ,
893 2181 960 2255 «Sc
987 2178 1072 2252 ad
1111 2172 1660 2275 perspiciendum
1684 2202 1926 2254 earum
1954 2173 2369 2253 consensum
2396 2178 2689 2273 iuvant,
2748 2178 3083 2253 volunta-

621 2300 904 2381 temque
941 2280 1026 2357 ad
1069 2278 1456 2379 praestanti-a
1510 2281 1777 2378 quaevis
1831 2281 2123 2357 homine
2169 2282 2378 2380 digna
2415 2282 2747 2358 inclinare
2794 2278 3078 2355 faciunt.

619 2385 823 2462 Artes
853 2408 1083 2460 autem
1112 2381 1355 2482 spuriae
1384 2435 1404 2468 ,
1459 2409 1617 2481 quae
1644 2383 1919 2462 uonnifi
1952 2386 2173 2482 pulcri
2210 2383 2504 2480 speciem
2534 2411 2675 2484 prae
2707 2381 2776 2460 se
2806 2383 3079 2466 ferunt,

619 2483 822 2584 supra
863 2484 1266 2564 facultatum
1321 2483 1785 2584 cognoscendi
1838 2490 2091 2567 limites
2154 2485 2519 2565 inferiores
2578 2489 2911 2565 extollere
2965 2511 3085 2584 pa-

621 2612 784 2665 rum
838 2589 1186 2672 valentes,
1241 2613 1391 2662 eam
1426 2590 1862 2682 voluptatem
1910 2588 2201 2664 homine
2252 2590 2571 2663 rationali
2616 2591 2904 2687 dignam
2938 2611 3087 2663 non

631 2692 984 2776 excitant,
1061 2714 1220 2786 quae
1267 2715 1310 2764 a
1355 2687 1961 2786 repraesentatione
2014 2691 2235 2787 pulcri
2292 2692 2357 2766 &
2404 2689 2575 2766 boni
2632 2692 2816 2766 clara
2860 2693 2927 2767 &
2980 2689 3088 2764 di-

626 2792 873 2869 stincta
908 2790 1256 2876 habetur,
1311 2788 1426 2864 sed
1470 2789 1565 2866 ob
1603 2792 1788 2867 ideas
1818 2788 2143 2868 confusas
2182 2793 2403 2867 malos
2439 2794 2675 2890 potius
2704 2796 2769 2870 &
2810 2815 3092 2889 perver-

627 2890 744 2971 sos
787 2895 1199 2991 plerumque
1241 2886 1532 2968 affectus
1570 2894 1927 2969 movendo
1972 2890 2303 2990 pestiferae
2354 2893 2715 2975 censendae
2754 2891 2961 2973 sunt:
3020 2897 3089 2969 &

633 2997 756 3096 qui
780 2994 887 3074 his
912 2995 1284 3073 tractandis
1305 3019 1782 3093 occupantur,
1840 2997 2015 3074 male
2052 2997 2347 3074 statuere
2376 2994 2639 3087 splene,
2697 3000 2779 3074 ad
2812 3001 3085 3074 bonum

505 3147 510 3153 ·
633 3097 1102 3198 capess'endum
1153 3097 1475 3176 homines
1516 3103 1768 3179 certius
1810 3106 1877 3179 ἃ
1918 3098 2280 3184 ⁴efficacius
2320 3105 2599 3199 perduci
2646 3155 2668 3188 ,
2748 3099 2796 3178 fi
2852 3096 3087 3176 sensus

628 3197 882 3278 fortius
917 3198 1283 3278 afficiendo
1320 3203 1665 3298 appetitus
1717 3205 1826 3277 vel
1864 3201 2205 3280 aversatio
2260 3207 2653 3280 excitentur
2684 3256 2704 3289 ,
2786 3225 2996 3302 quam
3036 3195 3089 3273 fi

632 3299 941 3398 hominis
987 3303 1318 3380 voluntas
1363 3306 1636 3381 ratione
1681 3305 2042 3392 flectatur..
2102 3311 2169 3386 δι
2208 3308 2435 3384 virtus
2465 3305 2701 3383 severe
2728 3327 3090 3384 commen-

635 3405 858 3481 detur.
963 3402 1134 3481 Inde
1177 3409 1419 3491 venit,
1481 3431 1561 3484 ut
1601 3411 1854 3485 nostris
1914 3409 2163 3486 diebus
2208 3411 2586 3486 earundem
2630 3413 2883 3485 artium
2938 3429 3087 3482 non

637 3529 796 3584 raro
844 3503 1172 3606 pcffimus
1213 3506 1470 3604 abusus
1512 3509 1682 3598 fiat,
1762 3537 1994 3610 eaeque
2043 3536 2195 3588 non
2226 3511 2311 3586 ad
2355 3504 2712 3588 stimulum
2762 3511 3083 3686 νὶτίᾳιὲἰς,

2899 3639 2933 3688 e

674 3777 750 3855 e)
787 3781 1063 3910 ἦΩιιίςοιιριι
1102 3785 1393 3874 admiratur
1427 3783 1901 3878 prestantiffimum
1942 3807 2078 3879 otpus
2115 3782 2300 3877 Cel-eb.
2331 3785 2395 3856 J.
2436 3784 2504 3843 G.
2526 3783 2858 3874 ‘SJJLZERI
2882 3823 2899 3852 9
2941 3781 3085 3888 ‘¹¹2⁰OE

649 3889 665 3966 .·
793 3854 3087 4012 1252ae²25..:-¹..“f‘z‘.:;:¹‘.,².1’‚22”;2251÷.izb⁰s;2a{??st;;,s3÷0.sszzz·auratas:

790 4013 951 4068 quam
1023 4003 1144 4061 auci
1171 4001 1548 4076 assequuntur,
1587 4007 1973 4076 exhibentur,
1993 4002 2374 4083 utiliffimaque
2414 4001 2703 4081 applicatio
2744 3999 3087 4079 philosophia

792 4069 850 4130 δι
879 4086 964 4131 ma
1027 4071 1168 4138 escon
1199 4074 1502 4141 luculenter
1527 4073 1928 4155 comprobatur,
2202 4096 2211 4106 ·
