3400 4725
1447 280 1990 379 3212]th
2742 311 2825 381 π

1474 509 1480 517 ·
1665 485 1776 573 X.

611 697 725 773 De
777 695 986 773 rebus
1027 688 1336 771 senilibus
1389 690 1812 793 nianifestis,
1862 693 1935 769 in
1974 716 2235 791 organa
2274 688 2529 771 scilicet
2567 688 2731 771 sana
2756 688 2911 774 stn-

461 794 642 876 soria
679 796 1050 875 hominum
1121 793 1455 873 sanorum
1497 795 1865 896 agentibus
1920 794 2369 873 consentiunt
2426 820 2741 882 omness
2818 798 2913 875 de
2969 868 2974 872 ,

459 900 882 996 perfectione
926 898 1208 996 physica
1252 896 1372 974 seu
1418 899 1506 975 de
1555 899 2025 996 pulcritudine
2075 900 2321 987 multi3
2376 900 2469 976 de
2504 899 2717 978 rebus
2750 895 2908 980 sen-

459 998 566 1076 sui
605 1000 1144 1100 phyfignomico
1194 1000 1422 1076 obviis
1476 1003 1698 1097 pauci.

613 1155 828 1231 Multi
869 1156 1097 1252 itaque
1145 1155 1264 1251 qui
1301 1152 1386 1227 de
1421 1152 1891 1251 pulcritudine
1936 1154 2189 1245 objecti
2246 1106 2745 1242 conveniunt,
2820 1153 2898 1231 in
2956 1135 2965 1142 ’
3008 1210 3011 1213 -

455 1254 718 1350 judicio
767 1257 854 1333 de
883 1253 1422 1357 physiognomia
1463 1280 1503 1331 a
1537 1252 1608 1333 se
1653 1256 1957 1335 invicem
2005 1254 2385 1335 discedunt.

1622 1461 1766 1548 Xl.

607 1663 860 1743 Sensus
919 1660 1539 1761 phyfiognomicus
1581 1665 1884 1741 maxime
1923 1660 2153 1738 fallere
2194 1660 2461 1759 potest,
2518 1660 2567 1739 fi
2616 1689 2747 1741 nos
2796 1666 2886 1741 ab

453 1789 539 1838 eo
581 1761 729 1839 solo
772 1766 931 1842 duci
987 1766 1382 1860 patiamur,
1463 1769 1655 1863 quod
1699 1770 1771 1841 in
1829 1765 2266 1860 perceptione
2319 1763 2635 1841 consistat
2694 1789 2891 1841 eom·
2997 1771 3002 1776 ’

456 1866 706 1959 plexa,
763 1892 850 1943 ex
897 1867 1214 1964 plurimis
1245 1868 1576 1964 partibus
1625 1863 2049 1964 composita,
2120 1890 2419 1961 quatum
2465 1868 2654 1941 nulla
2702 1864 2885 1941 salva

454 1965 589 2041 hac
653 1970 1093 2062 perceptione
1143 1964 1433 2063 separari
1478 1971 1695 2065 potest
1743 1998 1765 2052 3
1897 1968 2035 2041 uod
2088 1987 2413 2063 praeterea
2457 1968 2887 2066 praecipitan-
3033 2056 3035 2059 y
3117 1984 3121 1988 ’

449 2065 615 2141 tiam
650 2067 889 2164 judicii
930 2068 1254 2144 comitem
1309 2067 1609 2157 habeat,
1682 2073 1751 2145 &
1789 2095 1826 2143 a
1884 2073 2077 2143 ectus
2117 2068 2393 2175 excitet..

1616 2270 1798 2355 xll.

594 2453 833 2530 Nemo
881 2447 1076 2527 facile
1116 2447 1352 2529 asseret
1382 2505 1404 2540 ‚
1459 2449 1734 2528 sensum
1774 2447 2431 2552 phyfiognomicum
2471 2450 2675 2526 nobis
2704 2474 2905 2534 eum,

444 2552 518 2626 in
563 2550 782 2628 finem
827 2551 1069 2628 datum
1107 2551 1273 2638 effe.
1359 2576 1441 2632 ut
1483 2558 1542 2630 is
1580 2555 1783 2630 nobis
1824 2580 1954 2651 pro
1997 2579 2244 2630 norma
2292 2555 2365 2630 in
2424 2551 2877 2647 dijudicandis

445 2653 593 2727 aliis
637 2649 769 2739 fit,
823 2676 982 2729 cum
1024 2654 1137 2727 alii
1179 2650 1357 2729 fines
1413 2654 1602 2730 haud
1655 2653 1928 2729 obscuri
1990 2655 2507 2755 intelligantur,
2560 2653 2657 2728 ob
2698 2675 2877 2750 quor

440 2753 500 2828 is
541 2750 776 2830 sensus
835 2771 1104 2829 naturae
1154 2753 1680 2832 nostraeinfitus
1733 2757 2031 2832 videtur.
2166 2832 2169 2835 .

1603 2951 1822 3034 xm.

591 3130 775 3206 Cum
818 3126 1041 3207 homo
1086 3127 1174 3204 ab
1221 3126 1368 3206 aliis
1424 3127 1839 3208 animalibus
1896 3129 2169 3209 ratione
2216 3128 2677 3231 distinguatur
2706 3181 2733 3216 ‚
2786 3156 2870 3208 u-

441 3226 556 3308 sus
589 3253 821 3305 autem
858 3230 1142 3306 rationis
1196 3227 1264 3305 se
1305 3226 1568 3308 exserat
1614 3233 2136 3318 ratiocinando.
2192 3235 2623 3308 ratiocinium
2654 3233 2868 3308 aitio-

442 3357 565 3411 nes
616 3331 862 3406 liberas
901 3332 1358 3419 determinet,
1419 3331 1678 3417 homo,
1724 3359 1887 3425 ,qua
1922 3335 2120 3419 talis,
2180 3339 2300 3407 'ex
2345 3331 2532 3408 hisce
2580 3333 2871 3408 actioni·
2922 3404 2925 3407 .

440 3433 575 3509 bus
626 3428 1113 3529 cognoscitur,
1196 3430 1447 3531 certius
1504 3429 1657 3508 sane
1689 3483 1711 3516 ‚
1784 3458 1996 3527 quarn
2037 3459 2125 3508 ex
2186 3433 2332 3508 aliis
2377 3436 2562 3509 notis
2608 3483 2631 3516 ,
2710 3457 2867 3528 quae

437 3556 588 3610 non
631 3532 1399 3624 veraecharacteristicae
1439 3529 1644 3620 sunt,
1702 3535 1769 3611 ἃ,
1796 3531 1961 3613 hinc
2001 3531 2363 3614 arbitrario
2404 3529 2861 3612 assumuntur.

1614 3691 1831 3810 xlv.

594 3903 982 4007 Sympathia
1028 3914 1208 3989 inter
1233 3905 1516 3986 homines
1547 3909 1639 3985 est
1691 3905 1982 3986 scnffitio
2020 3907 2090 3986 in
2138 3907 2347 3985 nobis
2383 3904 2679 4004 analoga
2698 3928 2865 3994 cum

435 4004 557 4090 iis,
610 4032 782 4106 quas
820 4010 898 4092 in
931 4014 1080 4093 aliis
1111 4036 1249 4092 nos
1289 4011 1658 4093 observare
1683 4033 2009 4110 putamus
2034 4036 2078 4100 ,·
2115 4035 2196 4090 ut
2230 4015 2298 4090 ἃ
2336 4035 2487 4089 non
2519 4032 2682 4086 raro
2715 4009 2920 4101 eae:⁷
